2734 4000
1243 203 1594 256 ...64—

416 368 452 410 a
492 351 721 426 scriptis
763 351 1183 425 exemplaribus
1225 351 1532 423 destituta,
1574 367 1688 409 non
1729 350 1967 408 vacillat
2005 350 2315 423 interdum,
2357 357 2418 409 et

412 429 713 503 paullatim
751 429 975 502 longius
1017 445 1053 486 a
1091 427 1204 486 fide
1246 427 1536 499 desciscit.
1617 429 1684 485 In
1724 428 1930 499 primis
1971 443 2109 485 vero
2146 427 2419 487 recitatio

411 508 571 579 ipsa,
620 505 811 564 vivido
861 508 1081 579 impetu
1134 510 1194 562 et
1242 504 1452 564 ardore
1503 504 1679 563 animi
1737 510 1995 577 peracta,
2045 502 2419 564 infirmaverit

413 589 645 657 oportet
680 584 1030 654 memoriam,
1087 582 1398 653 multisque
1436 581 1856 641 mutationibus
1897 597 2131 640 causam
2170 581 2420 655 dederit,

412 661 473 718 in
513 677 581 719 eo
621 661 965 732 praesertim
1003 675 1284 731 sermone,
1327 660 1427 731 qui
1467 659 1633 731 quasi
1662 663 1867 731 sponte
1896 657 2268 718 concluderet
2293 675 2421 717 ver-

413 754 537 795 sum
552 782 567 809 ,
616 753 804 808 neque
851 737 1001 795 hanc
1050 734 1419 795 artificiosam
1460 736 1905 795 concinnitatem
1944 735 2216 806 haberet,
2270 752 2419 807 quae

414 813 646 873 aliunde
687 814 852 872 illata
891 819 1213 887 respueret,
1257 829 1431 885 quum
1473 813 1667 871 omnia
1709 818 1873 871 tanta
1900 813 2271 885 simplicitate
2292 828 2418 870 sen-

412 892 609 949 tentiis
650 891 841 949 verbis
881 896 1150 949 conserta
1190 891 1319 959 sint,
1364 890 1556 949 omnia
1595 890 1682 948 ita
1722 889 2083 948 membratim
2110 894 2169 946 et
2194 888 2419 946 incisim

413 967 740 1039 decurrant,
791 973 857 1025 ut
891 967 1171 1040 mutandi,
1214 967 1582 1038 detrahendi,
1627 965 1880 1024 addendi
1919 966 2132 1037 ubique
2171 966 2419 1023 maxima

413 1042 660 1102 facilitas
702 1044 794 1102 sit.
874 1045 1173 1103 Postremo
1215 1044 1421 1101 mirum
1461 1042 1693 1116 fuisset,
1734 1044 1849 1101 nisi
1875 1042 2152 1115 rhapsodi
2179 1057 2420 1113 genero-

413 1122 580 1180 sioris
621 1121 880 1194 spirituS,
925 1127 985 1179 et
1024 1122 1122 1193 qui
1161 1122 1274 1194 ipsi
1293 1126 1505 1192 poetae
1546 1126 1761 1192 essent,
1802 1121 2019 1193 passim
2047 1117 2265 1191 aliquid
2292 1135 2329 1176 a
2355 1135 2419 1176 se

410 1199 616 1256 melius
659 1198 775 1255 dici
814 1215 1004 1271 posse,
1048 1199 1164 1257 alia
1203 1199 1382 1256 etiam
1421 1197 1481 1254 in
1526 1196 1859 1256 auditorum
1887 1197 2136 1269 gratiam
2164 1195 2420 1254 clariori-

410 1274 518 1333 bus
558 1274 749 1332 verbis
790 1275 1187 1347 exprimenda,
1238 1274 1354 1333 alia
1407 1274 1658 1345 denique
1712 1273 2118 1332 intertexenda
2155 1272 2418 1346 pluribus

415 1351 776 1410 Carminibus
816 1370 930 1412 uno
957 1351 1052 1411 filo
1078 1351 1381 1410 nectendis
1407 1356 1700 1423 putarent.
1764 1351 1847 1410 Ut
1875 1351 2025 1408 enim
2056 1349 2129 1408 ab
2156 1349 2418 1408 omnibus

361 1428 376 1445 χ
411 1428 874 1502 intelligerentur
916 1435 976 1487 et
1015 1446 1143 1488 cum
1182 1429 1480 1501 voluptate
1523 1427 1883 1495 audirentur,
1925 1443 2146 1485 summa
2183 1426 2419 1486 illorum

412 1521 552 1564 cura
593 1522 720 1564 esse
761 1505 979 1578 debuit,
1030 1522 1143 1565 non
1182 1506 1356 1577 haec,
1410 1510 1475 1562 ut
1519 1504 1791 1563 Carmina
1832 1506 2058 1563 sincera
2099 1510 2418 1571 servarent,

308 1594 384 1634 106
413 1582 607 1653 qualia
655 1583 902 1656 primum
951 1580 1183 1640 fuderat
1230 1588 1412 1640 vates·
1506 1582 1711 1653 Itaque
1751 1582 2088 1641 nominatim
2129 1580 2413 1653 Qaethi

412 1657 632 1717 familia
677 1660 1044 1717 insimulatur
1091 1660 1251 1716 illum
1304 1664 1427 1716 tum
1478 1659 1607 1716 aliis
1658 1658 1844 1717 modis
1885 1658 2237 1731 corrupisse,
2290 1663 2414 1716 tum

413 1736 678 1809 proprios
718 1753 917 1794 versus
959 1736 1337 1801 inmncasisse
1348 1735 1443 1806 77).
1515 1735 1708 1807 Quare
1751 1735 2019 1807 equidem
2046 1733 2410 1806 crediderim,

415 1813 463 1870 si
519 1828 589 1869 ex
649 1813 849 1870 talium
907 1812 1328 1885 rhapsodorum
1388 1828 1488 1870 ore
1551 1817 1858 1885 exceptum
1917 1812 2092 1871 hodie
2156 1816 2412 1870 exstaret

418 1889 737 1961 exemplum
775 1890 1040 1962 Homeri,
1093 1889 1166 1948 ab
1216 1888 1650 1960 insequentibus
1695 1889 1927 1947 Criticis
1980 1905 2094 1948 non
2132 1889 2411 1959 limatum,

416 1965 657 2025 eandem
707 1967 863 2025 illius
915 1963 1123 2025 faciem
1170 1963 1425 2024 futuram
1475 1981 1635 2039 esse,
1693 1981 1864 2038 quam
1920 1967 2169 2026 maiores
2227 1966 2411 2024 nostri

416 2045 625 2116 Hymni
663 2046 1080 2098 Homeridarum
1117 2042 1349 2101 habent.

567 2118 857 2179 Admonet
893 2136 984 2178 me
1024 2121 1132 2179 hoc
1169 2136 1377 2179 nomen
1415 2120 1804 2192 Hymnorum,
1856 2120 1929 2179 ab
1971 2119 2411 2178 Hemsterhusio

416 2200 474 2254 et
495 2197 625 2254 aliis
654 2196 895 2255 eruditis
916 2196 1229 2269 inductum,
1253 2203 1318 2255 ut
1336 2196 1607 2256 adiiciam
1632 2196 1850 2267 aliquid
1872 2196 1945 2254 de
1966 2197 2412 2269 interpolatione

411 2273 857 2345 rhapsodorum,
899 2290 970 2332 ex
1010 2291 1121 2346 quo
1161 2275 1334 2346 plane
1376 2278 1663 2347 appareat
1682 2316 1696 2343 ‚
1750 2290 1920 2345 quam
1959 2274 2045 2331 illi
2083 2290 2197 2333 non
2237 2273 2412 2331 alieni

413 2346 630 2407 fuerint
669 2367 706 2408 a
743 2352 972 2423 poetica
998 2348 1293 2423 facultate,
1337 2358 1396 2410 et
1437 2367 1610 2423 quam
1653 2350 1778 2408 sine
1818 2347 2023 2409 fraude
2063 2351 2197 2409 talis
2236 2351 2412 2407 inter-

413 2427 631 2498 polatio
672 2425 828 2486 facta
866 2429 961 2485 sit.
1038 2428 1207 2486 Prius
1256 2427 1488 2499 quidem
1538 2428 1715 2486 etiam
1768 2428 1927 2486 nullo
1979 2433 2216 2487 auctore
2265 2426 2423 2483 veri--

413 2503 760 2562 simillimum
802 2508 974 2575 esset,
1013 2506 1125 2563 nisi
1164 2504 1311 2563 adeo
1350 2502 1569 2578 frigida
1611 2509 1784 2577 putes
1807 2505 2035 2563 illorum
2054 2504 2305 2577 ingenia,
2345 2507 2412 2561 ut

412 2596 523 2638 usu
561 2597 747 2653 paene
787 2581 1123 2653 quotidiano
1162 2582 1507 2654 optimorum
1561 2587 1867 2654 poetarum
1915 2598 2028 2640 non
2067 2580 2412 2639 incaluerint

412 2656 487 2714 ad
528 2658 746 2729 aliquid
796 2659 980 2717 simile
1032 2658 1388 2717 tentandum.
1467 2658 1707 2730 Verum,
1751 2658 1861 2716 etsi
1909 2658 2082 2716 huius
2123 2658 2252 2715 aevi
2290 2660 2410 2714 tam

410 2734 684 2793 lacunosa
719 2735 965 2794 historia
1004 2741 1110 2807 est,
1150 2734 1437 2793 Pindarus
1477 2740 1673 2793 tamen
1723 2740 1782 2792 et
1808 2735 2153 2793 Plutarchus
2165 2734 2238 2806 78)
2268 2734 2409 2791 satis

555 2933 625 3000 77)
661 2903 834 2986 scfiol.
874 2930 1027 2986 Pind.
1064 2931 1098 2984 1.
1137 2946 1182 2986 c.
1218 2936 1273 2985 et
1309 2947 1379 2985 ex
1413 2947 1476 2986 00
1512 2912 1766 2985 Eustath.
1805 2930 1874 2984 ad
1909 2930 1972 2984 11.
2008 2947 2062 2999 p.
2101 2933 2147 2985 6.
2185 2929 2278 2983 inf.

550 3019 621 3084 ⁷8)
660 3017 743 3072 De
779 3016 989 3071 Musica
1023 3033 1076 3085 p.
1101 3022 1247 3072 1133.
1289 3008 1345 3073 C.
1384 3017 1606 3086 loquens
1648 3015 1714 3069 de
1750 3015 1926 3069 modis
1951 3015 2324 3069 citharoedicis
2360 3020 2415 3069 et

408 3086 692 3155 rhapsodis
727 3085 1140 3154 antiquioribus:
1182 3084 1268 3139 Τὰ
1303 3087 1476 3156 πρὸς
1510 3086 1670 3144 τοὺς
1704 3084 1946 3147 θεοὺς,
1997 3085 2083 3143 ὡς
2129 3083 2411 3149 βούλον-

412 3173 548 3223 ται,
594 3154 1203 3224 ἀφοσιωσάμενοι,
1253 3154 1536 3223 ἐξέβαινον
1592 3153 1762 3211 εὐθὺς
1813 3152 1906 3204 ἐπί
1935 3169 1999 3203 τε
2049 3154 2149 3223 τὴν
2179 3151 2415 3221 Ὁμ’ρου

410 3223 498 3274 καὶ
533 3227 641 3275 τῶν
679 3219 851 3274 ἄλλων
889 3223 1125 3292 ποίησιν·
1165 3224 1324 3292 δῆλον
1362 3223 1423 3275 δὲ
1456 3224 1605 3274 τοῦτ’
1640 3220 1759 3273 ἐστὶ
1796 3220 1882 3271 διὰ
1905 3224 2016 3272 τῶν
2050 3217 2265 3289 Τερπάν
2301 3239 2409 3290 pou

410 3310 450 3343 π
491 3292 720 3355 οοιμίων.
790 3290 879 3343 Ex
924 3290 1027 3345 hoc
1080 3306 1186 3344 uno
1233 3292 1350 3347 loco
1390 3290 1658 3356 discimuS,
1695 3305 1805 3343 non
1838 3288 1895 3342 in
1931 3288 2115 3342 Iovem
2150 3289 2320 3342 solum
2355 3293 2417 3341 et

472 3374 623 3427 uSaS,
673 3358 768 3411 sed
811 3358 867 3411 in
914 3364 1123 3413 ceteros
1170 3374 1384 3427 quoque
1430 3358 1560 3412 deos
1604 3357 1935 3426 prooemiari
1983 3356 2198 3411 solitum
2232 3356 2414 3409 fuisse.

411 3424 601 3494 Neque
635 3432 815 3479 tamen
852 3442 921 3480 ex
956 3426 1189 3482 Pindaro
1225 3433 1374 3481 recte
1399 3426 1639 3495 colligas,
1665 3440 1879 3493 semper
1903 3445 1936 3477 a
1963 3426 2080 3478 Iove
2095 3427 2414 3492 principium
