2734 4000
1179 169 1539 263 ..223-

358 373 543 429 scere,
582 373 823 429 quorum
848 359 1048 416 tenuia
1074 358 1393 430 primordia
1417 359 1592 431 pauci
1617 358 2009 431 observarent,
2050 361 2363 419 utilitatem

359 433 513 507 apud
564 438 827 506 posteros
877 450 1045 493 nemo
1102 440 1349 493 curaret.
1431 435 1573 494 Sero
1614 440 1810 493 autem
1850 452 1991 508 gens
2029 436 2234 495 'adulta
2271 454 2363 495 re-

365 511 557 585 spexit
594 510 940 569 incunabula
966 528 1090 583 sua,
1132 528 1306 584 quum
1330 512 1608 571 memoria
1634 513 1947 584 primarum
1974 513 2362 573 inventionum

365 589 543 660 longo
583 588 888 647 intervallo
929 588 1240 650 obscurata
1280 605 1348 647 ac
1387 587 1605 647 dissoni
1643 605 1903 649 rumores
1941 591 2117 649 variis
2145 592 2363 663 opinio-

367 664 536 723 nibus
591 669 650 722 et
698 665 860 723 novis
910 663 1118 723 fabulis
1167 666 1356 724 locum
1403 665 1783 738 praeberent,
1833 683 1941 725 nec
1980 666 2361 726 adhiberetur

371 741 444 799 ab
493 742 785 800 historicis
834 740 979 800 haec
1019 743 1281 801 sollertia
1319 742 1786 816 philosophandi,
1845 759 1959 814 qua
1997 760 2102 803 nos
2143 745 2362 816 ingenii

366 818 601 876 humani
640 819 700 875 in
725 817 899 876 rebus
927 819 1283 877 inveniendis
1308 835 1653 892 progressus
1682 825 1742 876 et
1769 836 2094 878 mensuram
2120 820 2361 893 indaga-

277 916 329 955 4¹1
367 896 568 966 vimus,
605 901 912 968 postquam
952 895 1148 955 orbem
1199 902 1395 954 terrae
1444 896 1618 954 latius
1661 897 2129 969 circumspicere,
2185 904 2360 969 atque

367 972 616 1043 plurium
656 972 1014 1044 populorum,
1057 972 1232 1030 simili
1270 974 1433 1031 cultu
1471 974 1625 1031 vitae
1666 974 1975 1047 utentium,
2025 974 2259 1033 habitus
2300 981 2360 1032 et

362 1048 805 1107 consuetudines
845 1064 1183 1121 comparare
1222 1048 1543 1108 didicimus.
1626 1050 1853 1122 Quippe
1891 1067 2040 1109 nova
2077 1051 2223 1110 haec
2261 1052 2361 1109 lux

367 1130 456 1183 est
481 1131 808 1185 nostrorum
835 1131 1176 1198 temporum,
1206 1125 1445 1185 Graecis
1471 1131 1687 1199 negata
1715 1132 1818 1186 aut
1835 1128 2120 1186 incuriose
2139 1128 2357 1186 habita.

521 1202 637 1261 Sed
688 1201 998 1261 commodis
1048 1202 1218 1260 huius
1267 1204 1412 1261 lucis
1460 1220 1785 1277 perpaucos
1826 1220 2023 1264 eorum
2060 1203 2177 1262 frui
2214 1204 2361 1263 vidi-

362 1296 515 1351 muS‚
584 1280 683 1350 qui
742 1278 968 1338 erudite
1025 1280 1155 1338 loca
1212 1285 1474 1339 veterum
1533 1279 1608 1339 de
1666 1281 1997 1340 auctoribus
2059 1281 2358 1354 alphabeti

367 1356 578 1415 Graeci
629 1356 1003 1427 collegerunt.
1096 1357 1221 1428 Quo
1274 1355 1490 1416 factum
1540 1363 1661 1427 est,
1711 1363 1775 1415 ut
1825 1358 2019 1416 multis
2071 1357 2144 1416 de
2182 1358 2357 1416 rebus

364 1435 518 1491 inter
563 1449 624 1490 se
675 1432 1051 1491 dissentirent
1099 1435 1209 1490 viri
1259 1435 1612 1507 gravissimi,
1664 1439 1723 1492 et
1776 1435 1991 1507 partim
2039 1436 2356 1493 sententias

362 1526 566 1582 parum
605 1509 935 1583 probabiles
976 1517 1372 1582 sequerentur.
1425 1513 1575 1569 Nam
1613 1516 1746 1584 post
1783 1512 2073 1584 principes
2100 1513 2355 1584 vulgaris

365 1587 718 1655 sententiae,
751 1586 1124 1659 -SQliger‚glJn
1180 1595 1240 1646 et
1260 1588 1663 1663 *anfflfflum2
1717 1599 1831 1647 non
1871 1586 1974 1658 def
2010 1593 2205 1660 erunt,
2258 1590 2357 1661 qui
2389 1615 2397 1626 =

367 1664 543 1721 etiam
593 1663 886 1734 aliquanto
936 1670 1071 1721 ante
1113 1663 1391 1722 Cadmum
1429 1665 1808 1737 Pelasgorum
1856 1661 1962 1723 cas
1990 1665 2039 1722 is
2080 1665 2355 1737 gregibus

364 1745 481 1797 tam
507 1741 914 1811 necessariam,
941 1745 1007 1798 ut
1032 1741 1334 1813 putabant,
1363 1747 1549 1800 artem
1575 1741 1926 1812 tribuerent3
1955 1758 2138 1813 eaque
2164 1743 2360 1814 opinio

366 1833 517 1874 nunc
568 1832 794 1887 quoque
854 1818 1051 1875 multis
1091 1818 1373 1889 probatur
1414 1823 1473 1876 et
1513 1818 1735 1876 eximiis
1775 1819 1916 1876 viris
1929 1818 2025 1890 11).
2103 1818 2360 1877 Maxime

366 1899 561 1951 autem
608 1895 780 1965 vulgo
829 1892 1106 1952 falluntur
1157 1896 1216 1970 in
1267 1911 1364 1967 e0,
1418 1895 1599 1966 quod,
1641 1911 1753 1966 quo
1805 1901 2065 1968 tempore
2113 1895 2360 1967 primum

364 1971 593 2029 litteras
656 1970 896 2029 Graecis
949 1971 1156 2030 allatas
1209 1973 1518 2032 memorari
1556 1972 1755 2031 vident
1773 2017 1788 2044 ,
1841 1971 2044 2031 eodem
2098 1977 2359 2045 tempore

365 2048 532 2105 simul
583 2065 748 2106 usum
806 2064 1003 2106 earum
1051 2066 1247 2108 omnes
1289 2049 1589 2109 Graeciae·
1610 2048 1751 2108 fines
1791 2055 2170 2122 pervagatum
2211 2065 2357 2121 esse,

277 2138 330 2178 48
364 2131 424 2182 et
460 2124 624 2182 libris
664 2125 984 2183 scribendis
1011 2128 1371 2185 occasionem
1412 2125 1645 2184 dedisse
1676 2126 2032 2197 existimant3
2075 2127 2147 2184 de
2173 2131 2359 2184 muta—

354 2202 614 2260 tionibus
658 2207 718 2260 et
757 2202 1054 2274 gradibUS,
1094 2219 1201 2275 per
1243 2219 1385 2274 quos
1426 2204 1545 2261 tale
1584 2205 1879 2261 inventum
1919 2203 1992 2261 ab
2032 2203 2210 2262 initiis
2237 2204 2357 2260 suis

364 2277 764 2337 deducendum
802 2277 930 2351 fuit,
971 2296 1252 2350 quaerere
1277 2281 1597 2352 negligunt.
1638 2281 1845 2351 Itaque
1873 2279 1948 2337 de
1968 2279 2194 2337 vatibus
2223 2280 2355 2350 illis,

364 2372 505 2427 quos
558 2355 660 2412 diu
709 2360 843 2413 ante
893 2373 956 2415 se
996 2357 1193 2429 plures
1232 2354 1411 2414 fuisse
1450 2358 1575 2429 ipse
1615 2356 1899 2415 Homerus
1939 2356 2233 2428 perhibet,
2282 2372 2355 2413 ne

362 2432 753 2503 quaerendum
796 2433 1031 2503 quidem
1069 2438 1296 2506 putant,
1338 2451 1414 2491 an
1451 2434 1760 2491 utilissima
1787 2439 1914 2491 arte
1935 2434 2027 2490 uti
2053 2433 2355 2503 voluerint,

353 2510 403 2566 si
442 2510 557 2567 iam
596 2516 719 2567 tum
757 2515 993 2582 reperta
1036 2516 1178 2568 erat.
1280 2512 1463 2583 Quem
1505 2526 1760 2569 errorem
1799 2517 2083 2568 auxerunt
2121 2508 2351 2568 fabulae

359 2585 590 2643 rudium
631 2587 988 2657 quorundam
1028 2588 1086 2643 in
1125 2587 1253 2659 ipsa
1292 2604 1400 2646 sua
1429 2588 1775 2658 antiquitate
1799 2587 2144 2659 scriptorum
2173 2585 2353 2644 Grae·
2417 2644 2432 2663 .

363 2679 574 2721 corum.
629 2663 1008 2722 celebrantur
1048 2667 1200 2722 enim
1224 2681 1436 2736 magna
1462 2665 1750 2724 volumina
1777 2663 2121 2735 Carminum,
2161 2664 2350 2734 immo,

364 2741 414 2797 si
451 2740 638 2797 Musis
679 2740 890 2812 placet,
932 2757 1142 2813 prosae
1186 2742 1568 2812 eloquentiae,
1608 2742 1748 2798 item
1787 2741 1949 2811 leges
1981 2745 2041 2797 et
2066 2741 2350 2811 instituta,

363 2822 635 2888 tanquam
675 2817 876 2889 primis
896 2818 1252 2889 temporibus
1280 2819 1522 2890 scripta:
1567 2818 1660 2875 cui
1685 2816 1874 2875 fraudi
1901 2818 1962 2874 in
1988 2818 2090 2875 illa
2116 2814 2352 2893 ἀκρισίᾳ

489 3036 560 3099 11)
595 3032 827 3086 Boherio
873 3032 929 3084 in
973 3031 1198 3085 Dissert.
1246 3031 1530 3085 subiuncta
1576 3029 1982 3084 Montefalconii
2029 3029 2345 3097 Palaeogra-

356 3102 516 3169 phiae
561 3102 652 3155 Gr.
674 3140 689 3163 ,
739 3100 1097 3167 Wesselingio
1155 3101 1225 3153 ad
1271 3100 1427 3153 Diod.
1476 3100 1577 3153 Sic.
1614 3100 1675 3151 T.
1712 3100 1755 3152 I.
1791 3114 1843 3165 p.
1880 3102 2010 3165 236,
2064 3097 2348 3163 SwintonO,

351 3171 641 3238 Jacksono,
694 3169 984 3234 Biancon0‚
1031 3168 1359 3234 Monboddo,
1396 3169 1603 3235 Astleo,
1638 3166 1929 3234 Larchero,
1967 3164 2100 3219 aliis,
2171 3164 2348 3231 Quan-

349 3253 506 3305 quam
541 3253 609 3290 ne
633 3237 904 3290 veteribus
930 3235 1146 3304 quidem
1168 3236 1305 3289 haec
1330 3236 1510 3304 opinio
1534 3237 1720 3303 ignota
1739 3235 1857 3302 fuit,
1881 3234 2143 3301 inquibus
2166 3239 2347 3287 tamen

359 3305 536 3359 nullus
571 3313 760 3359 auctor
795 3311 877 3358 est
902 3306 1078 3372 gravis
1116 3310 1171 3357 et
1206 3303 1448 3372 idoneuS,
1485 3305 1578 3372 qui
1612 3303 1814 3358 incolas
1851 3302 2109 3356 Graeciae
2147 3302 2347 3356 Cadmo

358 3374 565 3439 priores
601 3373 795 3426 litteris
830 3373 915 3426 vel
952 3373 1058 3428 alia
1093 3372 1205 3425 ulla
1239 3373 1453 3439 pictura
1487 3388 1677 3426 vocum
1714 3386 1838 3424 usos
1873 3370 2188 3438 prodiderit.
2263 3370 2346 3423 De

360 3442 582 3516 singulis
617 3441 926 3495 auctoribus
962 3448 1016 3493 et
1050 3440 1246 3494 fabulis
1283 3456 1554 3508 exponere
1591 3457 1698 3494 non
1735 3447 1817 3492 est
1852 3439 2084 3492 instituti
2118 3438 2241 3491 mei.
