2734 4000
1199 291 1278 305 —·
1332 266 1556 320 109-

363 415 557 475 multis
600 430 799 474 eorum
837 414 982 473 nihil
1020 413 1182 477 aliud
1222 414 1544 489 constabat,
1581 414 1695 473 nisi
1732 413 1887 474 unde
1927 414 2169 487 quisque
2196 413 2365 475 domo

363 498 541 566 esset,
578 508 716 560 non,
755 507 792 550 a
830 506 944 564 quo
985 497 1143 551 esset
1171 497 1460 551 exaratus.
1541 492 1669 565 Qua
1706 492 1768 550 in
1807 490 2170 552 dubitatione
2194 508 2363 564 prae-
2388 500 2468 541 1⁷⁸

359 567 500 630 fecti
549 567 940 628 bibliothecae
989 568 1053 627 id
1104 585 1279 627 unum
1325 566 1552 628 referre
1599 574 1915 642 potuerunt
1962 568 2024 627 in
2063 569 2362 642 catalogos

360 663 515 719 suos,
558 644 817 705 codicem
855 645 1008 703 hunc
1049 661 1121 704 ex
1162 644 1324 719 Chio,
1373 646 1539 705 illum
1576 646 1862 718 Massilia,
1914 646 2089 705 alium
2127 644 2365 704 aliunde

360 723 620 783 allatum.
697 720 923 781 Eodem
962 723 1136 795 plane
1173 722 1346 783 modo
1386 722 1569 782 tradit
1610 722 1863 781 Galenus
1905 722 2055 782 adeo
2094 739 2167 783 ex
2203 723 2364 782 navi-

359 799 468 859 bus
511 799 882 872 Graecorum,
923 800 1024 871 qui
1061 798 1138 857 ad
1175 799 1510 873 Aegyptum
1550 799 1927 873 appulissent,
1968 798 2194 859 ablatos
2235 815 2366 859 esse
2443 806 2448 817 ¹

358 876 524 950 regio
572 877 737 957 iussu
782 876 962 935 libros
975 920 991 949 ,
1047 876 1173 949 qui,
1226 875 1530 941 confestim
1582 876 1935 950 apographis
1974 874 2146 935 factis
2189 882 2249 935 et
2289 874 2365 935 ad

361 953 620 1014 dominos
661 953 937 1026 remissis,
976 953 1223 1026 repositi
1263 959 1457 1012 essent
1494 954 1556 1011 in
1593 968 1806 1026 magna
1844 953 2195 1013 bibliotheca
2235 969 2365 1035 cum

357 1031 470 1090 hac
507 1029 904 1103 inscriptione,
951 1027 1102 1087 TON
1128 1026 1237 1087 ΕΚ
1268 1027 1380 1088 ΠΛ
1390 1026 1668 1103 OIQN40).
1750 1029 1858 1090 Gui
1895 1029 2068 1090 titulo
2109 1028 2249 1102 quid
2288 1030 2364 1087 si-

358 1107 549 1165 milius
605 1112 696 1175 est
781 1122 915 1166 uam
962 1107 1057 1166 hic
1070 1148 1087 1175 ‚
1136 1123 1248 1178 quo
1292 1106 1577 1167 editiones
1616 1107 1752 1167 illae
1790 1111 2091 1180 notantur,
2148 1104 2234 1164 ΑΙ
2265 1102 2374 1163 ΕΚ

360 1180 692 1253 ΠΟΛΕΩΝ,
735 1123 820 1241 ,31
852 1179 1006 1241 Allo
1045 1180 1398 1241 IIOAEQN‘?

516 1259 737 1332 Quodsi
782 1261 895 1320 hae
957 1260 1241 1320 editiones
1282 1261 1391 1319 tali
1428 1259 1599 1321 modo
1640 1259 2119 1320 discernebantur
2157 1259 2231 1318 ab
2271 1260 2362 1332 iis,

360 1352 604 1410 quarum
641 1337 768 1396 noti
808 1343 976 1396 erant
1014 1343 1301 1410 auctores,
1339 1336 1569 1397 facilior
1608 1338 1958 1398 existimatio
2000 1342 2090 1396 est
2130 1336 2204 1395 de
2231 1352 2365 1395 auc-

357 1414 600 1473 toritate
638 1430 854 1472 earum.
934 1414 1174 1474 Publico
1215 1415 1378 1473 iussu
1414 1415 1545 1474 illas
1585 1411 1772 1473 factas
1813 1430 1943 1473 esse
1983 1414 2075 1473 vel
2102 1419 2365 1473 servatas

358 1490 609 1563 publice,
651 1507 792 1549 cave
833 1492 1099 1563 cuiquam
1139 1496 1275 1550 ante
1315 1491 1519 1550 credas
1530 1490 1626 1563 41),
1667 1507 1839 1563 quam
1876 1491 2168 1564 probabili
2193 1506 2365 1562 argu·
2393 1498 2468 1538 1⁷⁹

356 1573 563 1626 mento
594 1566 1048 1626 demonstratum
1088 1566 1280 1641 fuerit,
1323 1567 1609 1627 eiusmodi
1645 1568 1914 1627 instituta
1953 1568 2089 1627 olim
2128 1568 2189 1624 in
2229 1568 2365 1625 civi-

357 1643 577 1703 tatibus
620 1644 903 1703 Graeciae
943 1644 1278 1718 obtinuisse,
1330 1661 1480 1717 quae
1519 1661 1634 1718 reS,
1686 1660 1815 1704 meo
1856 1644 2090 1716 quidem
2128 1642 2363 1716 iudici0,

356 1736 472 1780 non
512 1720 671 1778 cadit
709 1722 768 1778 in
794 1721 910 1780 ista
935 1727 1218 1794 tempora.
1288 1722 1476 1793 Quum
1503 1727 1698 1780 autem
1725 1722 2062 1794 antiquituS,
2102 1725 2168 1779 ut
2192 1736 2365 1793 prae-

358 1796 494 1868 dixi,
534 1797 631 1854 vix
668 1798 972 1870 quisquam
1011 1799 1159 1857 alius
1200 1814 1373 1870 quam
1411 1804 1588 1872 poeta
1614 1804 1717 1858 aut
1745 1798 1946 1858 rhetor
1972 1814 2101 1857 sese
2131 1796 2362 1856 dederit

357 1873 433 1933 ad
472 1873 619 1932 haec
654 1874 859 1933 critica
902 1874 1118 1944 studia,
1155 1873 1352 1934 forsan
1393 1874 1598 1934 eadem
1635 1875 1841 1934 harum
1879 1873 2182 1932 πολιτικῶν
2210 1871 2360 1951 διορ-

355 1946 606 2009 θώσεων
656 1951 975 2012 auctoritas
1014 1950 1219 2024 fuerit,
1274 1957 1450 2025 atque
1490 1953 1618 2026 illa,
1669 1967 1842 2024 quam
1878 1952 1940 2011 in
1978 1951 2361 2012 Antimachea
2407 2021 2416 2022 ἶ

358 2033 419 2087 et
459 2028 670 2087 ceteris
711 2029 881 2087 huius
921 2029 1053 2088 aevi
1083 2029 1397 2088 amisimus.
1461 2030 1679 2088 Verum
1715 2030 1856 2088 licet
1895 2030 1955 2087 in
1978 2030 2153 2088 variis
2180 2029 2362 2101 scrip-

354 2105 503 2163 turis
543 2105 789 2178 illarum,
829 2110 949 2164 tam
988 2104 1227 2165 fortuito
1267 2105 1344 2164 ad
1369 2123 1475 2166 nos
1502 2107 1874 2179 transmissiS,
1912 2106 2220 2165 nonnullae
2248 2105 2365 2163 sint

361 2181 506 2240 satis
544 2181 750 2254 bonae,
793 2181 943 2240 duae
985 2187 1104 2240 tres
1146 2183 1323 2241 etiam
1359 2183 1819 2256 praestantiores
1858 2183 2129 2255 vulgatis,
2177 2180 2358 2240 multo

355 2262 550 2318 tamen
597 2259 782 2318 maior
829 2275 1099 2317 numerus
1153 2259 1453 2319 confirmat
1504 2259 1596 2333 id,
1648 2258 1802 2331 quod
1857 2265 1993 2319 ante
2033 2259 2359 2332 suspicatus

490 2455 563 2521 4⁰)
598 2452 830 2507 Illustris
866 2451 1015 2506 locus
1051 2457 1133 2507 est
1168 2452 1224 2507 in
1247 2452 1475 2508 historia
1496 2452 1872 2522 Hippocratici
1894 2452 1992 2507 III.
2019 2451 2142 2506 libri
2163 2450 2363 2521 Epide-

352 2521 581 2577 miorum
616 2538 701 2590 ap.
740 2520 1002 2576 Galenum
1039 2521 1332 2577 Comment.
1369 2520 1440 2575 ad
1462 2522 1611 2576 illum
1635 2522 1830 2576 librum
1856 2521 2046 2587 ὑπόμν.
2068 2521 2127 2587 β.
2159 2537 2214 2603 p.
2240 2524 2357 2574 411.

353 2589 447 2644 inf.
493 2590 556 2644 T.
599 2589 670 2643 V.
724 2588 887 2643 Basil.
969 2585 1252 2655 Φιλότιμον
1302 2608 1372 2642 πε
1418 2592 1433 2643 ὶ
1474 2590 1668 2656 βιβλία
1715 2592 1809 2643 τόν
1859 2608 1923 2642 τε
1981 2589 2217 2654 βασιλεα
2262 2592 2366 2656 τῆς

354 2658 630 2726 Αἰγύπτου
655 2654 989 2721 Πτολεμαῖον
1016 2657 1160 2711 οὕτω
1183 2661 1314 2727 γενέ
1396 2676 1450 2711 αι
1474 2658 1652 2727 φασὶν,
1673 2658 1753 2718 ,ὡς
1776 2658 1863 2710 καὶ
1887 2661 1996 2711 τῶν
2022 2656 2363 2709 καταπλεόν-

355 2744 466 2779 των
517 2726 775 2779 ἁπάντων
827 2725 896 2777 τὰ
943 2726 1137 2791 βιβλία
1183 2726 1439 2779 κελεῦσαι
1487 2729 1629 2796 πρὸς
1663 2728 1831 2779 αὐτὸν
1868 2727 2223 2790 κομίζεσθαι,
2271 2723 2364 2775 καὶ

353 2798 531 2848 ταῦτα
566 2795 645 2855 εἷς
687 2793 906 2852 καινοὺς
933 2796 1153 2864 χάρτας
1184 2795 1509 2880 γράφοντα,
1555 2796 1759 2848 διδόναι
1803 2794 1903 2858 μὲν
1954 2794 2022 2846 τὰ
2068 2793 2363 2862 γραφέντα

353 2865 473 2923 τοῖς
511 2862 817 2925 δεσπόταις,
857 2862 934 2913 ὧν
970 2863 1465 2916 καταπλευσαντων
1504 2864 1871 2934 ἐκομίσθησαν
1908 2863 1965 2915 αἱ
1997 2862 2185 2928 βίβλοι
2218 2861 2366 2928 πρὸς

316 2988 331 2994 ,
354 2931 543 2996 αὐτὸν,
582 2931 666 2990 εἷς
701 2930 762 2983 δὲ
797 2931 894 2989 τὰς
927 2930 1288 3002 βιβλιοθήκας
1334 2932 1706 2985 ἀποτίθεσθαι
1755 2931 1823 2983 τὰ
1857 2931 2223 2994 κομισθέντα,
2270 2929 2359 2981 καὶ

356 2998 500 3053 εἶναι
536 2999 634 3058 τὰς
668 2998 972 3069 ἐπιγραφὰς
1007 2998 1213 3066 αὐτοῖς,
1256 2995 1396 3052 ΤΩΝ
1412 2996 1510 3053 ΕΚ
1543 2996 1824 3054 ΙΙΛΟΙΩΝ.
1869 2997 1957 3051 Ἓν
1996 2998 2056 3051 δέ
2091 3017 2144 3050 τι
2180 3000 2361 3049 τοιοῦ-

354 3068 447 3120 τόν
489 3084 655 3136 φασιν
696 3068 1028 3136 εὑρεθῆναι,
1077 3068 1166 3120 καὶ
1202 3068 1266 3120 τὸ
1302 3068 1487 3137 τρίτον
1525 3071 1634 3121 τῶν
1676 3066 1782 3121 'Em
1850 3069 1987 3131 μιῶν
2026 3067 2178 3135 ἐπιγε
2214 3082 2361 3135 pau-

352 3137 550 3199 μένον,
606 3132 652 3187 T
649 3130 751 3187 ΩΝ
780 3130 881 3187 ΕΚ
914 3132 1211 3200 ΠΛΟΙΩΝ,
1247 3132 1426 3190 ΚΑΤΑ
1464 3132 1821 3190 ΔΙΟΡΘΩΤΗ
1899 3082 2235 3187 ΜΕΜΝΟΛΞΞΙ
2274 3130 2364 3185 ΣΙ-

355 3199 587 3257 ΔΙΤΗΝ.
651 3201 759 3258 Sed
794 3202 1053 3283 legendus
1090 3211 1172 3258 est
1206 3211 1353 3258 totus
1378 3204 1544 3273 locuS,
1579 3204 1636 3258 in
1659 3204 1846 3273 primis
1869 3218 1936 3257 ea
1961 3218 2099 3271 quae
2124 3217 2357 3270 sequun-

352 3276 471 3339 tur,
526 3270 724 3340 quibus
777 3286 862 3325 usi
913 3278 1039 3325 sunt
1089 3272 1193 3326 viri
1249 3272 1395 3327 docti
1445 3272 1721 3341 plerique,
1775 3271 1867 3341 qui
1921 3271 1986 3326 de
2032 3270 2359 3324 bibliotheca

353 3337 730 3393 Alexandrina
765 3339 1111 3407 scripserunt.

354 3506 391 3560 P
444 3423 742 3547 Xsswide
791 3424 1092 3481 Villoisonii
1139 3424 1505 3512 eruditissima
1553 3425 1941 3494 Prolegomena
1991 3422 2060 3479 ad
2104 3423 2166 3477 Il.
2215 3438 2365 3477 suam
