<?xml version="1.0" encoding="UTF-8"?>
<!DOCTYPE html PUBLIC "-//W3C//DTD XHTML 1.0 Transitional//EN"
    "http://www.w3.org/TR/xhtml1/DTD/xhtml1-transitional.dtd">
<html xmlns="http://www.w3.org/1999/xhtml" xml:lang="en" lang="en">
 <head>
  <title>
</title>
<meta http-equiv="Content-Type" content="text/html;charset=utf-8" />
  <meta name='ocr-system' content='tesseract 3.04.00' />
  <meta name='ocr-capabilities' content='ocr_page ocr_carea ocr_par ocr_line ocrx_word'/>
</head>
<body>
  <div class='ocr_page' id='page_1' title='image "./prolegomenaadho00bekkgoog_0222.png"; bbox 0 0 2734 4000; ppageno 0'>
   <div class='ocr_carea' id='block_1_1' title="bbox 1089 144 1449 203">
    <p class='ocr_par' dir='ltr' id='par_1_1' title="bbox 1089 144 1449 203">
     <span class='ocr_line' id='line_1_1' title="bbox 1089 144 1449 203; baseline 0.003 -18"><span class='ocrx_word' id='word_1_1' title='bbox 1089 144 1449 203; x_wconf 65' lang='lat'>...72-</span> 
     </span>
    </p>
   </div>
   <div class='ocr_carea' id='block_1_2' title="bbox 259 295 2280 1008">
    <p class='ocr_par' dir='ltr' id='par_1_2' title="bbox 259 295 2280 678">
     <span class='ocr_line' id='line_1_2' title="bbox 267 295 2280 372; baseline 0.002 -16"><span class='ocrx_word' id='word_1_2' title='bbox 267 312 493 369; x_wconf 62' lang='lat' dir='ltr'><strong>nosque,</strong></span> <span class='ocrx_word' id='word_1_3' title='bbox 521 295 866 370; x_wconf 83' lang='lat' dir='ltr'><strong>rhapsodias</strong></span> <span class='ocrx_word' id='word_1_4' title='bbox 891 297 993 354; x_wconf 90' lang='lat' dir='ltr'><strong>uni</strong></span> <span class='ocrx_word' id='word_1_5' title='bbox 1012 296 1317 371; x_wconf 88' lang='lat' dir='ltr'><strong>proposito</strong></span> <span class='ocrx_word' id='word_1_6' title='bbox 1348 297 1645 370; x_wconf 75' lang='lat' dir='ltr'><strong>subiiciaS,</strong></span> <span class='ocrx_word' id='word_1_7' title='bbox 1686 297 1763 356; x_wconf 87' lang='lat' dir='ltr'><strong>ad</strong></span> <span class='ocrx_word' id='word_1_8' title='bbox 1787 301 2021 371; x_wconf 75' lang='lat' dir='ltr'><strong>qloriam</strong></span> <span class='ocrx_word' id='word_1_9' title='bbox 2047 300 2280 372; x_wconf 86' lang='lat' dir='ltr'><strong>quidem</strong></span> 
     </span>
     <span class='ocr_line' id='line_1_3' title="bbox 264 374 2279 447; baseline 0.002 -15"><span class='ocrx_word' id='word_1_10' title='bbox 264 374 507 433; x_wconf 82' lang='lat' dir='ltr'><strong>Achillis</strong></span> <span class='ocrx_word' id='word_1_11' title='bbox 546 375 734 446; x_wconf 87' lang='lat' dir='ltr'><strong>magis</strong></span> <span class='ocrx_word' id='word_1_12' title='bbox 776 390 949 446; x_wconf 89' lang='lat' dir='ltr'><strong>quam</strong></span> <span class='ocrx_word' id='word_1_13' title='bbox 989 374 1138 432; x_wconf 85' lang='lat' dir='ltr'><strong>alius</strong></span> <span class='ocrx_word' id='word_1_14' title='bbox 1180 375 1523 447; x_wconf 87' lang='lat' dir='ltr'><strong>cuiusquam</strong></span> <span class='ocrx_word' id='word_1_15' title='bbox 1552 375 1763 434; x_wconf 82' lang='lat' dir='ltr'><strong>Graeci</strong></span> <span class='ocrx_word' id='word_1_16' title='bbox 1790 380 1894 434; x_wconf 86' lang='lat' dir='ltr'><strong>aut</strong></span> <span class='ocrx_word' id='word_1_17' title='bbox 1917 375 2156 436; x_wconf 85' lang='lat' dir='ltr'><strong>Troiani</strong></span> <span class='ocrx_word' id='word_1_18' title='bbox 2179 376 2279 436; x_wconf 90' lang='lat' dir='ltr'><strong>he-</strong></span> 
     </span>
     <span class='ocr_line' id='line_1_4' title="bbox 264 450 2277 526; baseline 0.001 -15"><span class='ocrx_word' id='word_1_19' title='bbox 264 452 382 511; x_wconf 91' lang='lat' dir='ltr'><strong>rois</strong></span> <span class='ocrx_word' id='word_1_20' title='bbox 442 456 569 510; x_wconf 86' lang='lat' dir='ltr'><strong>tota</strong></span> <span class='ocrx_word' id='word_1_21' title='bbox 606 452 745 510; x_wconf 89' lang='lat' dir='ltr'><strong>Ilias</strong></span> <span class='ocrx_word' id='word_1_22' title='bbox 761 493 780 520; x_wconf 91' lang='lat'>‚</span> <span class='ocrx_word' id='word_1_23' title='bbox 830 450 906 509; x_wconf 89' lang='lat' dir='ltr'><strong>ad</strong></span> <span class='ocrx_word' id='word_1_24' title='bbox 958 468 1241 507; x_wconf 80' lang='lat' dir='ltr'><strong><em>memorem</em></strong></span> <span class='ocrx_word' id='word_1_25' title='bbox 1286 454 1436 508; x_wconf 77' lang='lat' dir='ltr'><strong>iram</strong></span> <span class='ocrx_word' id='word_1_26' title='bbox 1489 453 1614 510; x_wconf 87' lang='lat' dir='ltr'><strong>eius</strong></span> <span class='ocrx_word' id='word_1_27' title='bbox 1654 452 1839 511; x_wconf 87' lang='lat' dir='ltr'><strong>maior</strong></span> <span class='ocrx_word' id='word_1_28' title='bbox 1874 458 2102 512; x_wconf 87' lang='lat' dir='ltr'><strong>tantum</strong></span> <span class='ocrx_word' id='word_1_29' title='bbox 2139 470 2277 526; x_wconf 84' lang='lat' dir='ltr'><strong>pars</strong></span> 
     </span>
     <span class='ocr_line' id='line_1_5' title="bbox 265 528 2278 601; baseline 0.002 -15"><span class='ocrx_word' id='word_1_30' title='bbox 265 533 521 601; x_wconf 77' lang='lat' dir='ltr'><strong>spectat3</strong></span> <span class='ocrx_word' id='word_1_31' title='bbox 568 534 635 586; x_wconf 91' lang='lat' dir='ltr'><strong>ut</strong></span> <span class='ocrx_word' id='word_1_32' title='bbox 686 528 995 588; x_wconf 82' lang='lat' dir='ltr'><strong>admodum</strong></span> <span class='ocrx_word' id='word_1_33' title='bbox 1044 528 1289 600; x_wconf 78' lang='lat' dir='ltr'><strong>mireriS,</strong></span> <span class='ocrx_word' id='word_1_34' title='bbox 1352 529 1509 600; x_wconf 91' lang='lat' dir='ltr'><strong>quod</strong></span> <span class='ocrx_word' id='word_1_35' title='bbox 1549 530 1609 586; x_wconf 90' lang='lat' dir='ltr'><strong>in</strong></span> <span class='ocrx_word' id='word_1_36' title='bbox 1646 529 1806 588; x_wconf 87' lang='lat' dir='ltr'><strong>nullo</strong></span> <span class='ocrx_word' id='word_1_37' title='bbox 1846 529 2047 589; x_wconf 87' lang='lat' dir='ltr'><strong>codice</strong></span> <span class='ocrx_word' id='word_1_38' title='bbox 2089 530 2278 590; x_wconf 87' lang='lat' dir='ltr'><strong>adhuc</strong></span> 
     </span>
     <span class='ocr_line' id='line_1_6' title="bbox 259 602 1997 678; baseline 0.002 -16"><span class='ocrx_word' id='word_1_39' title='bbox 259 620 367 678; x_wconf 89' lang='lat' dir='ltr'><strong>pro</strong></span> <span class='ocrx_word' id='word_1_40' title='bbox 406 605 520 664; x_wconf 81' lang='lat' dir='ltr'><strong>isto</strong></span> <span class='ocrx_word' id='word_1_41' title='bbox 564 605 798 664; x_wconf 86' lang='lat' dir='ltr'><strong>exordio</strong></span> <span class='ocrx_word' id='word_1_42' title='bbox 835 606 946 664; x_wconf 92' lang='lat' dir='ltr'><strong>hoc</strong></span> <span class='ocrx_word' id='word_1_43' title='bbox 984 605 1077 663; x_wconf 88' lang='lat' dir='ltr'><strong>vel</strong></span> <span class='ocrx_word' id='word_1_44' title='bbox 1116 605 1276 665; x_wconf 88' lang='lat' dir='ltr'><strong>aliud</strong></span> <span class='ocrx_word' id='word_1_45' title='bbox 1313 602 1523 665; x_wconf 82' lang='lat' dir='ltr'><strong>melius</strong></span> <span class='ocrx_word' id='word_1_46' title='bbox 1563 605 1858 664; x_wconf 87' lang='lat' dir='ltr'><strong>inventum</strong></span> <span class='ocrx_word' id='word_1_47' title='bbox 1895 606 1997 666; x_wconf 86' lang='lat' dir='ltr'><strong>sit:</strong></span> 
     </span>
    </p>

    <p class='ocr_par' dir='ltr' id='par_1_3' title="bbox 465 694 1818 778">
     <span class='ocr_line' id='line_1_7' title="bbox 465 694 1818 778; baseline 0.001 -23"><span class='ocrx_word' id='word_1_48' title='bbox 465 694 525 755; x_wconf 86' lang='lat' dir='ltr'><em>K</em></span> <span class='ocrx_word' id='word_1_49' title='bbox 526 695 583 755; x_wconf 84' lang='lat' dir='ltr'><em>Y</em></span> <span class='ocrx_word' id='word_1_50' title='bbox 574 696 618 754; x_wconf 92' lang='grc' dir='ltr'><em>Δ</em></span> <span class='ocrx_word' id='word_1_51' title='bbox 629 696 731 755; x_wconf 85' lang='grc' dir='ltr'><strong>ΟΣ</strong></span> <span class='ocrx_word' id='word_1_52' title='bbox 765 695 946 768; x_wconf 82' lang='grc' dir='ltr'><em>ἄειδε,</em></span> <span class='ocrx_word' id='word_1_53' title='bbox 987 695 1126 768; x_wconf 76' lang='grc' dir='ltr'><em>θεά,</em></span> <span class='ocrx_word' id='word_1_54' title='bbox 1170 696 1511 778; x_wconf 75' lang='grc' dir='ltr'><em>Πηληϊάδεω</em></span> <span class='ocrx_word' id='word_1_55' title='bbox 1552 697 1597 756; x_wconf 84' lang='grc' dir='ltr'><em>Ἀ</em></span> <span class='ocrx_word' id='word_1_56' title='bbox 1641 698 1818 778; x_wconf 79' lang='grc' dir='ltr'><em>ιλῆος,</em></span> 
     </span>
    </p>

    <p class='ocr_par' dir='ltr' id='par_1_4' title="bbox 466 771 1837 854">
     <span class='ocr_line' id='line_1_8' title="bbox 466 771 1837 854; baseline 0.002 -23"><span class='ocrx_word' id='word_1_57' title='bbox 466 771 592 839; x_wconf 79' lang='grc' dir='ltr'><em>ὅςθ’</em></span> <span class='ocrx_word' id='word_1_58' title='bbox 634 773 772 840; x_wconf 76' lang='grc' dir='ltr'><em>εἵως</em></span> <span class='ocrx_word' id='word_1_59' title='bbox 807 772 1049 852; x_wconf 78' lang='grc' dir='ltr'><em>βασιλῆϊ</em></span> <span class='ocrx_word' id='word_1_60' title='bbox 1086 774 1518 854; x_wconf 83' lang='grc' dir='ltr'><em>κοτεσσάμενος</em></span> <span class='ocrx_word' id='word_1_61' title='bbox 1556 772 1621 833; x_wconf 79' lang='grc' dir='ltr'><strong>ἐν</strong></span> <span class='ocrx_word' id='word_1_62' title='bbox 1680 775 1837 854; x_wconf 74' lang='grc' dir='ltr'><em>νηυσὶ</em></span> 
     </span>
    </p>

    <p class='ocr_par' dir='ltr' id='par_1_5' title="bbox 465 846 1900 924">
     <span class='ocr_line' id='line_1_9' title="bbox 465 846 1900 924; baseline 0.003 -16"><span class='ocrx_word' id='word_1_63' title='bbox 465 852 645 921; x_wconf 75' lang='grc' dir='ltr'><em>κεῖτο,</em></span> <span class='ocrx_word' id='word_1_64' title='bbox 683 846 729 909; x_wconf 85' lang='grc' dir='ltr'><em>Ἀ</em></span> <span class='ocrx_word' id='word_1_65' title='bbox 771 851 973 909; x_wconf 82' lang='grc' dir='ltr'><em>αεοῖσίν</em></span> <span class='ocrx_word' id='word_1_66' title='bbox 1011 870 1080 908; x_wconf 85' lang='grc' dir='ltr'><strong>τε</strong></span> <span class='ocrx_word' id='word_1_67' title='bbox 1124 850 1221 908; x_wconf 80' lang='grc' dir='ltr'><strong>καὶ</strong></span> <span class='ocrx_word' id='word_1_68' title='bbox 1261 850 1427 911; x_wconf 69' lang='grc' dir='ltr'><em>αὐτοῦ</em></span> <span class='ocrx_word' id='word_1_69' title='bbox 1458 850 1531 910; x_wconf 81' lang='grc' dir='ltr'><strong>ἄλ</strong></span> <span class='ocrx_word' id='word_1_70' title='bbox 1601 857 1614 878; x_wconf 91' lang='grc'><strong>’</strong></span> <span class='ocrx_word' id='word_1_71' title='bbox 1655 846 1900 924; x_wconf 81' lang='grc' dir='ltr'><em>ἔδωκεν,</em></span> 
     </span>
    </p>

    <p class='ocr_par' dir='ltr' id='par_1_6' title="bbox 464 871 1889 1008">
     <span class='ocr_line' id='line_1_10' title="bbox 464 871 1889 1008; baseline 0.001 -23"><span class='ocrx_word' id='word_1_72' title='bbox 464 925 649 1006; x_wconf 82' lang='grc' dir='ltr'><em>αὐτὰρ</em></span> <span class='ocrx_word' id='word_1_73' title='bbox 733 926 1066 1005; x_wconf 66' lang='grc' dir='ltr'><em>νισι-άμενος</em></span> <span class='ocrx_word' id='word_1_74' title='bbox 1117 926 1334 1006; x_wconf 76' lang='grc' dir='ltr'><em>Τρωσὶν</em></span> <span class='ocrx_word' id='word_1_75' title='bbox 1374 911 1471 987; x_wconf 63' lang='lat' dir='ltr'><strong>Sca?</strong></span> <span class='ocrx_word' id='word_1_76' title='bbox 1500 871 1728 1006; x_wconf 56' lang='lat' dir='ltr'><strong>“Empe</strong></span> <span class='ocrx_word' id='word_1_77' title='bbox 1766 929 1889 1008; x_wconf 80' lang='grc' dir='ltr'><strong><em>δίῳ.</em></strong></span> 
     </span>
    </p>
   </div>
   <div class='ocr_carea' id='block_1_3' title="bbox 155 1019 2329 2790">
    <p class='ocr_par' dir='ltr' id='par_1_7' title="bbox 159 1019 2275 1634">
     <span class='ocr_line' id='line_1_11' title="bbox 159 1019 2274 1098; baseline 0.004 -22"><span class='ocrx_word' id='word_1_78' title='bbox 159 1035 236 1076; x_wconf 82' lang='grc'><strong>119</strong></span> <span class='ocrx_word' id='word_1_79' title='bbox 265 1020 361 1094; x_wconf 88' lang='lat' dir='ltr'><strong>[cf.</strong></span> <span class='ocrx_word' id='word_1_80' title='bbox 403 1019 601 1080; x_wconf 88' lang='lat' dir='ltr'><strong>Briefe</strong></span> <span class='ocrx_word' id='word_1_81' title='bbox 652 1038 727 1080; x_wconf 89' lang='lat' dir='ltr'><strong>an</strong></span> <span class='ocrx_word' id='word_1_82' title='bbox 774 1022 979 1095; x_wconf 84' lang='lat' dir='ltr'><strong>Heyne</strong></span> <span class='ocrx_word' id='word_1_83' title='bbox 1027 1040 1085 1096; x_wconf 88' lang='lat' dir='ltr'><strong>p.</strong></span> <span class='ocrx_word' id='word_1_84' title='bbox 1136 1022 1291 1098; x_wconf 70' lang='lat'>121]</span> <span class='ocrx_word' id='word_1_85' title='bbox 1383 1024 1819 1084; x_wconf 86' lang='lat' dir='ltr'><strong>Subabsurdum</strong></span> <span class='ocrx_word' id='word_1_86' title='bbox 1869 1022 2046 1097; x_wconf 88' lang='lat' dir='ltr'><strong>foret,</strong></span> <span class='ocrx_word' id='word_1_87' title='bbox 2096 1024 2274 1084; x_wconf 88' lang='lat' dir='ltr'><strong>talem</strong></span> 
     </span>
     <span class='ocr_line' id='line_1_12' title="bbox 263 1098 2275 1174; baseline 0.001 -17"><span class='ocrx_word' id='word_1_88' title='bbox 263 1099 623 1172; x_wconf 80' lang='lat' dir='ltr'><strong>diligentiam</strong></span> <span class='ocrx_word' id='word_1_89' title='bbox 664 1098 1026 1158; x_wconf 82' lang='lat' dir='ltr'><strong>subtiliorem</strong></span> <span class='ocrx_word' id='word_1_90' title='bbox 1067 1117 1196 1159; x_wconf 89' lang='lat' dir='ltr'><strong>esse</strong></span> <span class='ocrx_word' id='word_1_91' title='bbox 1238 1100 1436 1160; x_wconf 91' lang='lat' dir='ltr'><strong>dicere</strong></span> <span class='ocrx_word' id='word_1_92' title='bbox 1479 1118 1650 1173; x_wconf 90' lang='lat' dir='ltr'><strong>quam</strong></span> <span class='ocrx_word' id='word_1_93' title='bbox 1676 1118 1784 1174; x_wconf 91' lang='lat' dir='ltr'><strong>pro</strong></span> <span class='ocrx_word' id='word_1_94' title='bbox 1811 1101 2120 1160; x_wconf 91' lang='lat' dir='ltr'><strong>Homerico</strong></span> <span class='ocrx_word' id='word_1_95' title='bbox 2148 1118 2275 1160; x_wconf 90' lang='lat' dir='ltr'><strong>sae-</strong></span> 
     </span>
     <span class='ocr_line' id='line_1_13' title="bbox 262 1174 2273 1251; baseline 0.001 -17"><span class='ocrx_word' id='word_1_96' title='bbox 262 1178 416 1236; x_wconf 91' lang='lat' dir='ltr'><strong>culo:</strong></span> <span class='ocrx_word' id='word_1_97' title='bbox 467 1191 577 1234; x_wconf 91' lang='lat' dir='ltr'><strong>nec</strong></span> <span class='ocrx_word' id='word_1_98' title='bbox 626 1174 688 1233; x_wconf 92' lang='lat' dir='ltr'><strong>id</strong></span> <span class='ocrx_word' id='word_1_99' title='bbox 741 1176 936 1235; x_wconf 89' lang='lat' dir='ltr'><strong>dicere</strong></span> <span class='ocrx_word' id='word_1_100' title='bbox 977 1178 1172 1236; x_wconf 84' lang='lat' dir='ltr'><strong>ausint</strong></span> <span class='ocrx_word' id='word_1_101' title='bbox 1212 1178 1283 1250; x_wconf 88' lang='lat' dir='ltr'><strong>ii,</strong></span> <span class='ocrx_word' id='word_1_102' title='bbox 1334 1177 1542 1251; x_wconf 88' lang='lat' dir='ltr'><strong>quibus</strong></span> <span class='ocrx_word' id='word_1_103' title='bbox 1580 1198 1622 1234; x_wconf 88' lang='grc' dir='ltr'><strong><em>π</em></strong></span> <span class='ocrx_word' id='word_1_104' title='bbox 1659 1175 1934 1243; x_wconf 80' lang='grc' dir='ltr'><em>οέκθεσες</em></span> <span class='ocrx_word' id='word_1_105' title='bbox 1975 1177 2273 1250; x_wconf 85' lang='lat' dir='ltr'><strong>Odysseae</strong></span> 
     </span>
     <span class='ocr_line' id='line_1_14' title="bbox 261 1252 2273 1332; baseline 0.001 -20"><span class='ocrx_word' id='word_1_106' title='bbox 261 1252 335 1312; x_wconf 90' lang='lat' dir='ltr'><strong>ab</strong></span> <span class='ocrx_word' id='word_1_107' title='bbox 388 1253 515 1332; x_wconf 81' lang='lat' dir='ltr'><strong>ipso</strong></span> <span class='ocrx_word' id='word_1_108' title='bbox 555 1253 810 1313; x_wconf 87' lang='lat' dir='ltr'><strong>Homero</strong></span> <span class='ocrx_word' id='word_1_109' title='bbox 859 1255 1200 1327; x_wconf 89' lang='lat' dir='ltr'><strong>praeposita</strong></span> <span class='ocrx_word' id='word_1_110' title='bbox 1250 1254 1547 1314; x_wconf 88' lang='lat' dir='ltr'><strong>videatur:</strong></span> <span class='ocrx_word' id='word_1_111' title='bbox 1627 1260 1865 1313; x_wconf 80' lang='lat' dir='ltr'><strong>acerem:</strong></span> <span class='ocrx_word' id='word_1_112' title='bbox 1920 1255 2071 1314; x_wconf 90' lang='lat' dir='ltr'><strong>enim</strong></span> <span class='ocrx_word' id='word_1_113' title='bbox 2111 1256 2273 1314; x_wconf 88' lang='lat' dir='ltr'><strong>illum</strong></span> 
     </span>
     <span class='ocr_line' id='line_1_15' title="bbox 259 1327 2272 1406; baseline 0 -17"><span class='ocrx_word' id='word_1_114' title='bbox 259 1329 406 1389; x_wconf 88' lang='lat' dir='ltr'><strong>adeo</strong></span> <span class='ocrx_word' id='word_1_115' title='bbox 445 1327 741 1403; x_wconf 86' lang='lat' dir='ltr'><strong>infantem,</strong></span> <span class='ocrx_word' id='word_1_116' title='bbox 793 1335 857 1388; x_wconf 90' lang='lat' dir='ltr'><strong>ut</strong></span> <span class='ocrx_word' id='word_1_117' title='bbox 897 1346 1069 1402; x_wconf 89' lang='lat' dir='ltr'><strong>quam</strong></span> <span class='ocrx_word' id='word_1_118' title='bbox 1109 1336 1296 1390; x_wconf 90' lang='lat' dir='ltr'><strong>artem</strong></span> <span class='ocrx_word' id='word_1_119' title='bbox 1332 1334 1552 1406; x_wconf 88' lang='lat' dir='ltr'><strong>primus</strong></span> <span class='ocrx_word' id='word_1_120' title='bbox 1594 1332 2052 1404; x_wconf 81' lang='lat' dir='ltr'><strong>ingeniosissime</strong></span> <span class='ocrx_word' id='word_1_121' title='bbox 2093 1348 2272 1404; x_wconf 66' lang='lat' dir='ltr'><strong>quae-</strong></span> 
     </span>
     <span class='ocr_line' id='line_1_16' title="bbox 260 1406 2270 1480; baseline 0 -13"><span class='ocrx_word' id='word_1_122' title='bbox 260 1407 518 1479; x_wconf 51' lang='lat' dir='ltr'><strong>s&#39;missen</strong></span> <span class='ocrx_word' id='word_1_123' title='bbox 569 1407 662 1464; x_wconf 89' lang='lat' dir='ltr'><strong>vel</strong></span> <span class='ocrx_word' id='word_1_124' title='bbox 699 1407 954 1480; x_wconf 89' lang='lat' dir='ltr'><strong>prudens</strong></span> <span class='ocrx_word' id='word_1_125' title='bbox 995 1413 1156 1465; x_wconf 87' lang='lat' dir='ltr'><strong>certe</strong></span> <span class='ocrx_word' id='word_1_126' title='bbox 1201 1424 1273 1466; x_wconf 83' lang='lat' dir='ltr'><strong>ex</strong></span> <span class='ocrx_word' id='word_1_127' title='bbox 1311 1415 1523 1468; x_wconf 88' lang='lat' dir='ltr'><strong>natura</strong></span> <span class='ocrx_word' id='word_1_128' title='bbox 1563 1415 1623 1467; x_wconf 87' lang='lat' dir='ltr'><strong>et</strong></span> <span class='ocrx_word' id='word_1_129' title='bbox 1661 1407 1864 1468; x_wconf 90' lang='lat' dir='ltr'><strong>ordine</strong></span> <span class='ocrx_word' id='word_1_130' title='bbox 1903 1406 2136 1466; x_wconf 88' lang='lat' dir='ltr'><strong>fabulae</strong></span> <span class='ocrx_word' id='word_1_131' title='bbox 2178 1425 2270 1467; x_wconf 92' lang='lat' dir='ltr'><strong>ce-</strong></span> 
     </span>
     <span class='ocr_line' id='line_1_17' title="bbox 258 1482 2270 1559; baseline 0.001 -18"><span class='ocrx_word' id='word_1_132' title='bbox 258 1482 555 1557; x_wconf 64' lang='lat' dir='ltr'><strong>pissetssss),</strong></span> <span class='ocrx_word' id='word_1_133' title='bbox 622 1500 749 1542; x_wconf 92' lang='lat' dir='ltr'><strong>eam</strong></span> <span class='ocrx_word' id='word_1_134' title='bbox 806 1500 880 1542; x_wconf 90' lang='lat' dir='ltr'><strong>ne</strong></span> <span class='ocrx_word' id='word_1_135' title='bbox 936 1500 1257 1557; x_wconf 83' lang='lat' dir='ltr'><strong>agnoscere</strong></span> <span class='ocrx_word' id='word_1_136' title='bbox 1310 1486 1542 1558; x_wconf 89' lang='lat' dir='ltr'><strong>quidem</strong></span> <span class='ocrx_word' id='word_1_137' title='bbox 1595 1491 1656 1544; x_wconf 89' lang='lat' dir='ltr'><strong>et</strong></span> <span class='ocrx_word' id='word_1_138' title='bbox 1704 1484 1895 1544; x_wconf 89' lang='lat' dir='ltr'><strong>verbis</strong></span> <span class='ocrx_word' id='word_1_139' title='bbox 1949 1486 2270 1559; x_wconf 88' lang='lat' dir='ltr'><strong>exprimere</strong></span> 
     </span>
     <span class='ocr_line' id='line_1_18' title="bbox 256 1561 533 1634; baseline -0.014 -14"><span class='ocrx_word' id='word_1_140' title='bbox 256 1561 533 1634; x_wconf 90' lang='lat' dir='ltr'><strong>potuerit.</strong></span> 
     </span>
    </p>

    <p class='ocr_par' dir='ltr' id='par_1_8' title="bbox 253 1637 2269 2405">
     <span class='ocr_line' id='line_1_19' title="bbox 408 1637 2268 1713; baseline -0.001 -17"><span class='ocrx_word' id='word_1_141' title='bbox 408 1639 589 1696; x_wconf 90' lang='lat' dir='ltr'><strong>Immo</strong></span> <span class='ocrx_word' id='word_1_142' title='bbox 628 1653 765 1697; x_wconf 88' lang='lat' dir='ltr'><strong>vero</strong></span> <span class='ocrx_word' id='word_1_143' title='bbox 805 1637 948 1695; x_wconf 90' lang='lat' dir='ltr'><strong>illud</strong></span> <span class='ocrx_word' id='word_1_144' title='bbox 990 1655 1218 1711; x_wconf 88' lang='lat' dir='ltr'><strong>quoque</strong></span> <span class='ocrx_word' id='word_1_145' title='bbox 1247 1639 1483 1698; x_wconf 88' lang='lat' dir='ltr'><strong>dubium</strong></span> <span class='ocrx_word' id='word_1_146' title='bbox 1511 1646 1618 1713; x_wconf 84' lang='lat' dir='ltr'><strong>est,</strong></span> <span class='ocrx_word' id='word_1_147' title='bbox 1661 1656 1736 1698; x_wconf 89' lang='lat' dir='ltr'><strong>an</strong></span> <span class='ocrx_word' id='word_1_148' title='bbox 1755 1639 2043 1698; x_wconf 90' lang='lat' dir='ltr'><strong>Homerus</strong></span> <span class='ocrx_word' id='word_1_149' title='bbox 2070 1638 2268 1697; x_wconf 88' lang='lat' dir='ltr'><strong>Achil-</strong></span> 
     </span>
     <span class='ocr_line' id='line_1_20' title="bbox 255 1713 2267 1789; baseline 0.001 -17"><span class='ocrx_word' id='word_1_150' title='bbox 255 1715 326 1772; x_wconf 88' lang='lat' dir='ltr'><strong>lis</strong></span> <span class='ocrx_word' id='word_1_151' title='bbox 368 1715 459 1772; x_wconf 86' lang='lat' dir='ltr'><strong>sui</strong></span> <span class='ocrx_word' id='word_1_152' title='bbox 496 1730 806 1788; x_wconf 88' lang='lat' dir='ltr'><strong>personam</strong></span> <span class='ocrx_word' id='word_1_153' title='bbox 850 1714 1054 1775; x_wconf 89' lang='lat' dir='ltr'><strong>eodem</strong></span> <span class='ocrx_word' id='word_1_154' title='bbox 1094 1716 1221 1775; x_wconf 90' lang='lat' dir='ltr'><strong>loco</strong></span> <span class='ocrx_word' id='word_1_155' title='bbox 1264 1715 1550 1789; x_wconf 84' lang='lat' dir='ltr'><strong>habuerit,</strong></span> <span class='ocrx_word' id='word_1_156' title='bbox 1593 1732 1704 1787; x_wconf 92' lang='lat' dir='ltr'><strong>quo</strong></span> <span class='ocrx_word' id='word_1_157' title='bbox 1751 1731 1878 1774; x_wconf 92' lang='lat' dir='ltr'><strong>eam</strong></span> <span class='ocrx_word' id='word_1_158' title='bbox 1917 1731 2115 1775; x_wconf 91' lang='lat' dir='ltr'><strong>omnes</strong></span> <span class='ocrx_word' id='word_1_159' title='bbox 2145 1713 2267 1775; x_wconf 88' lang='lat' dir='ltr'><strong>fere</strong></span> 
     </span>
     <span class='ocr_line' id='line_1_21' title="bbox 255 1791 2267 1866; baseline 0.001 -17"><span class='ocrx_word' id='word_1_160' title='bbox 255 1791 399 1849; x_wconf 89' lang='lat' dir='ltr'><strong>artis</strong></span> <span class='ocrx_word' id='word_1_161' title='bbox 440 1792 704 1863; x_wconf 85' lang='lat' dir='ltr'><strong>magistri</strong></span> <span class='ocrx_word' id='word_1_162' title='bbox 742 1791 976 1850; x_wconf 90' lang='lat' dir='ltr'><strong>habent.</strong></span> <span class='ocrx_word' id='word_1_163' title='bbox 1042 1793 1195 1851; x_wconf 89' lang='lat' dir='ltr'><strong>Nam</strong></span> <span class='ocrx_word' id='word_1_164' title='bbox 1234 1808 1409 1864; x_wconf 88' lang='lat' dir='ltr'><strong>quum</strong></span> <span class='ocrx_word' id='word_1_165' title='bbox 1436 1793 1533 1850; x_wconf 91' lang='lat' dir='ltr'><strong>ille</strong></span> <span class='ocrx_word' id='word_1_166' title='bbox 1560 1794 1769 1852; x_wconf 88' lang='lat' dir='ltr'><strong>seriem</strong></span> <span class='ocrx_word' id='word_1_167' title='bbox 1797 1793 2267 1866; x_wconf 88' lang='lat' dir='ltr'><strong>gravissimarum</strong></span> 
     </span>
     <span class='ocr_line' id='line_1_22' title="bbox 253 1866 2269 1943; baseline 0.001 -18"><span class='ocrx_word' id='word_1_168' title='bbox 253 1883 450 1926; x_wconf 91' lang='lat' dir='ltr'><strong>rerum</strong></span> <span class='ocrx_word' id='word_1_169' title='bbox 505 1884 620 1927; x_wconf 90' lang='lat' dir='ltr'><strong>non</strong></span> <span class='ocrx_word' id='word_1_170' title='bbox 670 1866 932 1939; x_wconf 87' lang='lat' dir='ltr'><strong>finxerit,</strong></span> <span class='ocrx_word' id='word_1_171' title='bbox 986 1869 1091 1927; x_wconf 91' lang='lat' dir='ltr'><strong>sed</strong></span> <span class='ocrx_word' id='word_1_172' title='bbox 1141 1867 1296 1929; x_wconf 88' lang='lat' dir='ltr'><strong>fama</strong></span> <span class='ocrx_word' id='word_1_173' title='bbox 1346 1869 1726 1942; x_wconf 66' lang='lat' dir='ltr'><strong>acceperitffl)</strong></span> <span class='ocrx_word' id='word_1_174' title='bbox 1745 1914 1761 1943; x_wconf 86' lang='lat'>‚</span> <span class='ocrx_word' id='word_1_175' title='bbox 1811 1886 1948 1928; x_wconf 90' lang='lat' dir='ltr'><strong>num</strong></span> <span class='ocrx_word' id='word_1_176' title='bbox 2003 1870 2107 1928; x_wconf 92' lang='lat' dir='ltr'><strong>illa</strong></span> <span class='ocrx_word' id='word_1_177' title='bbox 2145 1871 2269 1928; x_wconf 86' lang='lat' dir='ltr'><strong>veri</strong></span> 
     </span>
     <span class='ocr_line' id='line_1_23' title="bbox 256 1944 2269 2021; baseline 0.001 -18"><span class='ocrx_word' id='word_1_178' title='bbox 256 1960 462 2019; x_wconf 87' lang='lat' dir='ltr'><strong>parum</strong></span> <span class='ocrx_word' id='word_1_179' title='bbox 502 1945 715 2004; x_wconf 87' lang='lat' dir='ltr'><strong>similia</strong></span> <span class='ocrx_word' id='word_1_180' title='bbox 753 1945 1042 2019; x_wconf 79' lang='lat' dir='ltr'><strong>videntur,</strong></span> <span class='ocrx_word' id='word_1_181' title='bbox 1081 1946 1315 2007; x_wconf 73' lang='lat' dir='ltr'><strong>heroem</strong></span> <span class='ocrx_word' id='word_1_182' title='bbox 1355 1944 1730 2006; x_wconf 87' lang='lat' dir='ltr'><strong>fortissimum</strong></span> <span class='ocrx_word' id='word_1_183' title='bbox 1770 1963 1899 2006; x_wconf 92' lang='lat' dir='ltr'><strong>cum</strong></span> <span class='ocrx_word' id='word_1_184' title='bbox 1940 1947 2120 2021; x_wconf 90' lang='lat' dir='ltr'><strong>copiis</strong></span> <span class='ocrx_word' id='word_1_185' title='bbox 2149 1947 2269 2006; x_wconf 87' lang='lat' dir='ltr'><strong>suis</strong></span> 
     </span>
     <span class='ocr_line' id='line_1_24' title="bbox 257 2022 2268 2098; baseline 0 -17"><span class='ocrx_word' id='word_1_186' title='bbox 257 2022 331 2081; x_wconf 90' lang='lat' dir='ltr'><strong>ab</strong></span> <span class='ocrx_word' id='word_1_187' title='bbox 384 2023 641 2080; x_wconf 89' lang='lat' dir='ltr'><strong>exercitu</strong></span> <span class='ocrx_word' id='word_1_188' title='bbox 689 2023 1063 2081; x_wconf 89' lang='lat' dir='ltr'><strong>secedentem</strong></span> <span class='ocrx_word' id='word_1_189' title='bbox 1113 2024 1469 2083; x_wconf 90' lang='lat' dir='ltr'><strong>desiderium</strong></span> <span class='ocrx_word' id='word_1_190' title='bbox 1523 2026 1613 2083; x_wconf 91' lang='lat' dir='ltr'><strong>sui</strong></span> <span class='ocrx_word' id='word_1_191' title='bbox 1651 2040 1911 2098; x_wconf 86' lang='lat' dir='ltr'><strong>movere,</strong></span> <span class='ocrx_word' id='word_1_192' title='bbox 1964 2026 2268 2098; x_wconf 90' lang='lat' dir='ltr'><strong>ipsumque</strong></span> 
     </span>
     <span class='ocr_line' id='line_1_25' title="bbox 257 2099 2267 2174; baseline 0 -16"><span class='ocrx_word' id='word_1_193' title='bbox 257 2100 536 2158; x_wconf 88' lang='lat' dir='ltr'><strong>otiantem</strong></span> <span class='ocrx_word' id='word_1_194' title='bbox 574 2099 993 2172; x_wconf 87' lang='lat' dir='ltr'><strong>Agamemnoni</strong></span> <span class='ocrx_word' id='word_1_195' title='bbox 1035 2106 1095 2159; x_wconf 91' lang='lat' dir='ltr'><strong>et</strong></span> <span class='ocrx_word' id='word_1_196' title='bbox 1137 2100 1379 2160; x_wconf 84' lang='lat' dir='ltr'><strong>Graecis</strong></span> <span class='ocrx_word' id='word_1_197' title='bbox 1420 2102 1729 2174; x_wconf 91' lang='lat' dir='ltr'><strong>plurimum</strong></span> <span class='ocrx_word' id='word_1_198' title='bbox 1767 2102 1988 2174; x_wconf 90' lang='lat' dir='ltr'><strong>negotii</strong></span> <span class='ocrx_word' id='word_1_199' title='bbox 2018 2107 2078 2160; x_wconf 87' lang='lat' dir='ltr'><strong>et</strong></span> <span class='ocrx_word' id='word_1_200' title='bbox 2104 2118 2267 2159; x_wconf 90' lang='lat' dir='ltr'><strong>cura-</strong></span> 
     </span>
     <span class='ocr_line' id='line_1_26' title="bbox 255 2175 2269 2251; baseline 0.001 -18"><span class='ocrx_word' id='word_1_201' title='bbox 255 2192 383 2234; x_wconf 86' lang='lat' dir='ltr'><strong>rum</strong></span> <span class='ocrx_word' id='word_1_202' title='bbox 424 2175 697 2235; x_wconf 83' lang='lat' dir='ltr'><strong>exhibere</strong></span> <span class='ocrx_word' id='word_1_203' title='bbox 720 2222 735 2250; x_wconf 87' lang='lat'>,</span> <span class='ocrx_word' id='word_1_204' title='bbox 788 2194 921 2237; x_wconf 86' lang='lat' dir='ltr'><strong>mox</strong></span> <span class='ocrx_word' id='word_1_205' title='bbox 971 2178 1247 2236; x_wconf 90' lang='lat' dir='ltr'><strong>audacius</strong></span> <span class='ocrx_word' id='word_1_206' title='bbox 1289 2178 1642 2237; x_wconf 90' lang='lat' dir='ltr'><strong>irruentibus</strong></span> <span class='ocrx_word' id='word_1_207' title='bbox 1682 2178 1948 2237; x_wconf 86' lang='lat' dir='ltr'><strong>Troianis</strong></span> <span class='ocrx_word' id='word_1_208' title='bbox 1987 2179 2269 2251; x_wconf 83' lang='lat' dir='ltr'><strong>revocari,</strong></span> 
     </span>
     <span class='ocr_line' id='line_1_27' title="bbox 256 2253 2269 2329; baseline 0 -18"><span class='ocrx_word' id='word_1_209' title='bbox 256 2257 320 2311; x_wconf 90' lang='lat' dir='ltr'><strong>at</strong></span> <span class='ocrx_word' id='word_1_210' title='bbox 359 2269 629 2326; x_wconf 89' lang='lat' dir='ltr'><strong>asperum</strong></span> <span class='ocrx_word' id='word_1_211' title='bbox 671 2260 730 2312; x_wconf 89' lang='lat' dir='ltr'><strong>et</strong></span> <span class='ocrx_word' id='word_1_212' title='bbox 769 2253 1185 2314; x_wconf 87' lang='lat' dir='ltr'><strong>inexorabilem</strong></span> <span class='ocrx_word' id='word_1_213' title='bbox 1224 2255 1410 2313; x_wconf 88' lang='lat' dir='ltr'><strong>virum</strong></span> <span class='ocrx_word' id='word_1_214' title='bbox 1450 2271 1672 2328; x_wconf 90' lang='lat' dir='ltr'><strong>negare</strong></span> <span class='ocrx_word' id='word_1_215' title='bbox 1712 2256 1961 2329; x_wconf 89' lang='lat' dir='ltr'><strong>primum</strong></span> <span class='ocrx_word' id='word_1_216' title='bbox 2004 2260 2063 2313; x_wconf 91' lang='lat' dir='ltr'><strong>et</strong></span> <span class='ocrx_word' id='word_1_217' title='bbox 2089 2256 2269 2329; x_wconf 90' lang='lat' dir='ltr'><strong>tergi-</strong></span> 
     </span>
     <span class='ocr_line' id='line_1_28' title="bbox 256 2330 2269 2405; baseline 0.002 -18"><span class='ocrx_word' id='word_1_218' title='bbox 256 2330 506 2402; x_wconf 80' lang='lat' dir='ltr'><strong>versari,</strong></span> <span class='ocrx_word' id='word_1_219' title='bbox 560 2330 770 2389; x_wconf 90' lang='lat' dir='ltr'><strong>deinde</strong></span> <span class='ocrx_word' id='word_1_220' title='bbox 811 2333 1098 2391; x_wconf 90' lang='lat' dir='ltr'><strong>communi</strong></span> <span class='ocrx_word' id='word_1_221' title='bbox 1149 2332 1411 2405; x_wconf 88' lang='lat' dir='ltr'><strong>periculo</strong></span> <span class='ocrx_word' id='word_1_222' title='bbox 1453 2332 1775 2392; x_wconf 80' lang='lat' dir='ltr'><strong>concedere</strong></span> <span class='ocrx_word' id='word_1_223' title='bbox 1816 2333 2090 2403; x_wconf 88' lang='lat' dir='ltr'><strong>amicum,</strong></span> <span class='ocrx_word' id='word_1_224' title='bbox 2143 2338 2269 2395; x_wconf 86' lang='lat' dir='ltr'><strong>tan-</strong></span> 
     </span>
    </p>

    <p class='ocr_par' dir='ltr' id='par_1_9' title="bbox 155 2406 2329 2790">
     <span class='ocr_line' id='line_1_29' title="bbox 155 2406 2269 2482; baseline 0 -15"><span class='ocrx_word' id='word_1_225' title='bbox 155 2429 232 2469; x_wconf 69' lang='grc'>1110</span> <span class='ocrx_word' id='word_1_226' title='bbox 260 2406 419 2479; x_wconf 88' lang='lat' dir='ltr'><strong>dem,</strong></span> <span class='ocrx_word' id='word_1_227' title='bbox 470 2408 568 2467; x_wconf 91' lang='lat' dir='ltr'><strong>illo</strong></span> <span class='ocrx_word' id='word_1_228' title='bbox 611 2408 881 2468; x_wconf 81' lang='lat' dir='ltr'><strong>Hectoris</strong></span> <span class='ocrx_word' id='word_1_229' title='bbox 931 2408 1195 2467; x_wconf 88' lang='lat' dir='ltr'><strong>manibus</strong></span> <span class='ocrx_word' id='word_1_230' title='bbox 1250 2425 1449 2481; x_wconf 82' lang='lat' dir='ltr'><strong>caeso,</strong></span> <span class='ocrx_word' id='word_1_231' title='bbox 1502 2409 1698 2482; x_wconf 91' lang='lat' dir='ltr'><strong>ipsum</strong></span> <span class='ocrx_word' id='word_1_232' title='bbox 1735 2408 2053 2467; x_wconf 88' lang='lat' dir='ltr'><strong>ulciscendi</strong></span> <span class='ocrx_word' id='word_1_233' title='bbox 2092 2425 2269 2468; x_wconf 89' lang='lat' dir='ltr'><strong>causa</strong></span> 
     </span>
     <span class='ocr_line' id='line_1_30' title="bbox 256 2483 2329 2558; baseline 0.002 -17"><span class='ocrx_word' id='word_1_234' title='bbox 256 2483 450 2542; x_wconf 91' lang='lat' dir='ltr'><strong>redire</strong></span> <span class='ocrx_word' id='word_1_235' title='bbox 490 2483 567 2542; x_wconf 91' lang='lat' dir='ltr'><strong>ad</strong></span> <span class='ocrx_word' id='word_1_236' title='bbox 593 2501 863 2557; x_wconf 82' lang='lat' dir='ltr'><strong>pugnam,</strong></span> <span class='ocrx_word' id='word_1_237' title='bbox 903 2486 1138 2556; x_wconf 90' lang='lat' dir='ltr'><strong>votique</strong></span> <span class='ocrx_word' id='word_1_238' title='bbox 1177 2491 1504 2558; x_wconf 88' lang='lat' dir='ltr'><strong>compotem</strong></span> <span class='ocrx_word' id='word_1_239' title='bbox 1542 2486 1669 2544; x_wconf 91' lang='lat' dir='ltr'><strong>iure</strong></span> <span class='ocrx_word' id='word_1_240' title='bbox 1709 2485 1850 2545; x_wconf 90' lang='lat' dir='ltr'><strong>belli</strong></span> <span class='ocrx_word' id='word_1_241' title='bbox 1867 2487 1928 2543; x_wconf 92' lang='lat' dir='ltr'><strong>in</strong></span> <span class='ocrx_word' id='word_1_242' title='bbox 1953 2486 2266 2546; x_wconf 88' lang='lat' dir='ltr'><strong>Hectorem</strong></span> <span class='ocrx_word' id='word_1_243' title='bbox 2315 2521 2329 2535; x_wconf 89' lang='lat'><strong>·</strong></span> 
     </span>
     <span class='ocr_line' id='line_1_31' title="bbox 259 2559 2270 2637; baseline 0.001 -19"><span class='ocrx_word' id='word_1_244' title='bbox 259 2559 523 2620; x_wconf 61' lang='lat' dir='ltr'><strong>saevire?</strong></span> <span class='ocrx_word' id='word_1_245' title='bbox 560 2562 731 2634; x_wconf 87' lang='lat' dir='ltr'><strong>Num,</strong></span> <span class='ocrx_word' id='word_1_246' title='bbox 773 2564 822 2620; x_wconf 87' lang='lat' dir='ltr'><strong>si</strong></span> <span class='ocrx_word' id='word_1_247' title='bbox 861 2561 1230 2635; x_wconf 86' lang='lat' dir='ltr'><strong>Thucydides</strong></span> <span class='ocrx_word' id='word_1_248' title='bbox 1271 2563 1364 2621; x_wconf 86' lang='lat' dir='ltr'><strong>vel</strong></span> <span class='ocrx_word' id='word_1_249' title='bbox 1391 2562 1728 2637; x_wconf 88' lang='lat' dir='ltr'><strong>Xenophon</strong></span> <span class='ocrx_word' id='word_1_250' title='bbox 1766 2563 1918 2622; x_wconf 89' lang='lat' dir='ltr'><strong>hunc</strong></span> <span class='ocrx_word' id='word_1_251' title='bbox 1958 2578 2171 2621; x_wconf 90' lang='lat' dir='ltr'><strong>annum</strong></span> <span class='ocrx_word' id='word_1_252' title='bbox 2209 2564 2270 2620; x_wconf 91' lang='lat' dir='ltr'><strong>in</strong></span> 
     </span>
     <span class='ocr_line' id='line_1_32' title="bbox 258 2638 2270 2713; baseline 0.002 -19"><span class='ocrx_word' id='word_1_253' title='bbox 258 2638 495 2695; x_wconf 86' lang='lat' dir='ltr'><strong>annales</strong></span> <span class='ocrx_word' id='word_1_254' title='bbox 536 2638 850 2711; x_wconf 80' lang='lat' dir='ltr'><strong>retulisset,</strong></span> <span class='ocrx_word' id='word_1_255' title='bbox 892 2638 1198 2707; x_wconf 90' lang='lat' dir='ltr'><strong>Achillem,</strong></span> <span class='ocrx_word' id='word_1_256' title='bbox 1243 2655 1419 2711; x_wconf 89' lang='lat' dir='ltr'><strong>quum</strong></span> <span class='ocrx_word' id='word_1_257' title='bbox 1459 2640 1850 2699; x_wconf 90' lang='lat' dir='ltr'><strong>secessionem</strong></span> <span class='ocrx_word' id='word_1_258' title='bbox 1888 2638 2142 2713; x_wconf 87' lang='lat' dir='ltr'><strong>fecisset,</strong></span> <span class='ocrx_word' id='word_1_259' title='bbox 2172 2639 2270 2698; x_wconf 89' lang='lat' dir='ltr'><strong>de-</strong></span> 
     </span>
     <span class='ocr_line' id='line_1_33' title="bbox 257 2713 2267 2790; baseline 0.001 -19"><span class='ocrx_word' id='word_1_260' title='bbox 257 2713 513 2773; x_wconf 89' lang='lat' dir='ltr'><strong>scribere</strong></span> <span class='ocrx_word' id='word_1_261' title='bbox 551 2720 786 2787; x_wconf 89' lang='lat' dir='ltr'><strong>poterat</strong></span> <span class='ocrx_word' id='word_1_262' title='bbox 823 2716 1010 2775; x_wconf 90' lang='lat' dir='ltr'><strong>minus</strong></span> <span class='ocrx_word' id='word_1_263' title='bbox 1054 2715 1469 2790; x_wconf 87' lang='lat' dir='ltr'><strong>desideratum,</strong></span> <span class='ocrx_word' id='word_1_264' title='bbox 1514 2721 1636 2790; x_wconf 86' lang='lat' dir='ltr'><strong>aut,</strong></span> <span class='ocrx_word' id='word_1_265' title='bbox 1677 2733 1852 2789; x_wconf 89' lang='lat' dir='ltr'><strong>quum</strong></span> <span class='ocrx_word' id='word_1_266' title='bbox 1877 2723 2267 2789; x_wconf 86' lang='lat' dir='ltr'><strong>revocaretur,</strong></span> 
     </span>
    </p>
   </div>
   <div class='ocr_carea' id='block_1_4' title="bbox 263 2853 674 2869">
    <p class='ocr_par' dir='ltr' id='par_1_10' title="bbox 263 2853 674 2869">
     <span class='ocr_line' id='line_1_34' title="bbox 263 2853 674 2869; baseline 0 0"><span class='ocrx_word' id='word_1_267' title='bbox 263 2853 674 2869; x_wconf 95' lang='lat' dir='ltr'><strong> </strong></span> 
     </span>
    </p>
   </div>
   <div class='ocr_carea' id='block_1_5' title="bbox 393 2921 1956 2998">
    <p class='ocr_par' dir='ltr' id='par_1_11' title="bbox 393 2921 1956 2998">
     <span class='ocr_line' id='line_1_35' title="bbox 393 2921 1956 2998; baseline 0.003 -22"><span class='ocrx_word' id='word_1_268' title='bbox 393 2926 465 2991; x_wconf 81' lang='lat'><strong>86)</strong></span> <span class='ocrx_word' id='word_1_269' title='bbox 494 2921 558 2978; x_wconf 80' lang='lat' dir='ltr'><strong>’H</strong></span> <span class='ocrx_word' id='word_1_270' title='bbox 590 2925 674 2977; x_wconf 79' lang='grc' dir='ltr'><strong>διὰ</strong></span> <span class='ocrx_word' id='word_1_271' title='bbox 710 2926 906 2998; x_wconf 80' lang='grc' dir='ltr'><em>τέχνην</em></span> <span class='ocrx_word' id='word_1_272' title='bbox 943 2928 977 2997; x_wconf 83' lang='grc' dir='ltr'>ἢ</span> <span class='ocrx_word' id='word_1_273' title='bbox 1014 2926 1104 2979; x_wconf 80' lang='grc' dir='ltr'><strong>διὰ</strong></span> <span class='ocrx_word' id='word_1_274' title='bbox 1140 2927 1320 2995; x_wconf 78' lang='grc' dir='ltr'><em>φύσιν.</em></span> <span class='ocrx_word' id='word_1_275' title='bbox 1372 2928 1598 2982; x_wconf 83' lang='lat' dir='ltr'><strong>Aristot.</strong></span> <span class='ocrx_word' id='word_1_276' title='bbox 1637 2927 1790 2983; x_wconf 69' lang='grc' dir='ltr'><strong>Ροὲῒ.</strong></span> <span class='ocrx_word' id='word_1_277' title='bbox 1826 2944 1871 2982; x_wconf 88' lang='lat' dir='ltr'><strong>c.</strong></span> <span class='ocrx_word' id='word_1_278' title='bbox 1908 2931 1956 2981; x_wconf 85' lang='lat'><strong>8.</strong></span> 
     </span>
    </p>
   </div>
   <div class='ocr_carea' id='block_1_6' title="bbox 254 3010 2271 3274">
    <p class='ocr_par' dir='ltr' id='par_1_12' title="bbox 254 3010 2271 3274">
     <span class='ocr_line' id='line_1_36' title="bbox 390 3010 2267 3082; baseline 0.002 -18"><span class='ocrx_word' id='word_1_279' title='bbox 390 3011 460 3079; x_wconf 81' lang='lat'><strong>8⁷)</strong></span> <span class='ocrx_word' id='word_1_280' title='bbox 498 3010 638 3065; x_wconf 89' lang='lat' dir='ltr'><strong>Nam</strong></span> <span class='ocrx_word' id='word_1_281' title='bbox 684 3026 785 3065; x_wconf 91' lang='lat' dir='ltr'><strong>nec</strong></span> <span class='ocrx_word' id='word_1_282' title='bbox 835 3012 1014 3066; x_wconf 91' lang='lat' dir='ltr'><strong>omnia</strong></span> <span class='ocrx_word' id='word_1_283' title='bbox 1064 3011 1135 3065; x_wconf 87' lang='lat' dir='ltr'><strong>ad</strong></span> <span class='ocrx_word' id='word_1_284' title='bbox 1185 3013 1477 3067; x_wconf 86' lang='lat' dir='ltr'><strong>veritatem</strong></span> <span class='ocrx_word' id='word_1_285' title='bbox 1522 3014 1609 3067; x_wconf 85' lang='lat' dir='ltr'><strong>vel</strong></span> <span class='ocrx_word' id='word_1_286' title='bbox 1646 3029 1716 3066; x_wconf 86' lang='lat' dir='ltr'><strong>ex</strong></span> <span class='ocrx_word' id='word_1_287' title='bbox 1751 3018 2006 3082; x_wconf 85' lang='lat' dir='ltr'><strong>corrupta</strong></span> <span class='ocrx_word' id='word_1_288' title='bbox 2038 3013 2267 3067; x_wconf 86' lang='lat' dir='ltr'><strong>veritate</strong></span> 
     </span>
     <span class='ocr_line' id='line_1_37' title="bbox 254 3079 2271 3151; baseline 0.001 -19"><span class='ocrx_word' id='word_1_289' title='bbox 254 3085 439 3134; x_wconf 82' lang='lat' dir='ltr'><strong>narrat</strong></span> <span class='ocrx_word' id='word_1_290' title='bbox 474 3079 688 3133; x_wconf 89' lang='lat' dir='ltr'><strong>illorum</strong></span> <span class='ocrx_word' id='word_1_291' title='bbox 725 3085 1033 3148; x_wconf 87' lang='lat' dir='ltr'><strong>temporum</strong></span> <span class='ocrx_word' id='word_1_292' title='bbox 1069 3080 1270 3149; x_wconf 79' lang='lat' dir='ltr'><strong>poesis,</strong></span> <span class='ocrx_word' id='word_1_293' title='bbox 1312 3097 1490 3150; x_wconf 87' lang='lat' dir='ltr'><strong>neque</strong></span> <span class='ocrx_word' id='word_1_294' title='bbox 1526 3081 1706 3136; x_wconf 90' lang='lat' dir='ltr'><strong>omnia</strong></span> <span class='ocrx_word' id='word_1_295' title='bbox 1739 3081 1911 3151; x_wconf 81' lang='lat' dir='ltr'><strong>fingit,</strong></span> <span class='ocrx_word' id='word_1_296' title='bbox 1946 3087 2007 3135; x_wconf 90' lang='lat' dir='ltr'><strong>ut</strong></span> <span class='ocrx_word' id='word_1_297' title='bbox 2029 3081 2155 3135; x_wconf 90' lang='lat' dir='ltr'><strong>olim</strong></span> <span class='ocrx_word' id='word_1_298' title='bbox 2172 3098 2271 3150; x_wconf 88' lang='lat' dir='ltr'><strong>pu-</strong></span> 
     </span>
     <span class='ocr_line' id='line_1_38' title="bbox 256 3147 2267 3220; baseline 0.001 -19"><span class='ocrx_word' id='word_1_299' title='bbox 256 3148 447 3201; x_wconf 83' lang='lat' dir='ltr'><strong>tabant</strong></span> <span class='ocrx_word' id='word_1_300' title='bbox 481 3148 583 3201; x_wconf 85' lang='lat' dir='ltr'><strong>viri</strong></span> <span class='ocrx_word' id='word_1_301' title='bbox 619 3147 780 3203; x_wconf 85' lang='lat' dir='ltr'><strong>docti.</strong></span> <span class='ocrx_word' id='word_1_302' title='bbox 852 3148 960 3203; x_wconf 85' lang='lat' dir='ltr'><strong>Sed</strong></span> <span class='ocrx_word' id='word_1_303' title='bbox 994 3148 1197 3204; x_wconf 87' lang='lat' dir='ltr'><strong>frustra</strong></span> <span class='ocrx_word' id='word_1_304' title='bbox 1231 3149 1554 3218; x_wconf 89' lang='lat' dir='ltr'><strong>plerumque</strong></span> <span class='ocrx_word' id='word_1_305' title='bbox 1590 3150 1864 3218; x_wconf 86' lang='lat' dir='ltr'><strong>laborant,</strong></span> <span class='ocrx_word' id='word_1_306' title='bbox 1912 3150 2005 3220; x_wconf 87' lang='lat' dir='ltr'><strong>qui</strong></span> <span class='ocrx_word' id='word_1_307' title='bbox 2039 3154 2267 3219; x_wconf 83' lang='lat' dir='ltr'><strong>utraque</strong></span> 
     </span>
     <span class='ocr_line' id='line_1_39' title="bbox 254 3215 1630 3274; baseline 0.002 -4"><span class='ocrx_word' id='word_1_308' title='bbox 254 3216 560 3271; x_wconf 87' lang='lat' dir='ltr'><strong>discernere</strong></span> <span class='ocrx_word' id='word_1_309' title='bbox 597 3215 800 3271; x_wconf 85' lang='lat' dir='ltr'><strong>volunt.</strong></span> <span class='ocrx_word' id='word_1_310' title='bbox 876 3217 1269 3274; x_wconf 80' lang='lat' dir='ltr'><strong>Praedixerunt</strong></span> <span class='ocrx_word' id='word_1_311' title='bbox 1306 3218 1528 3272; x_wconf 87' lang='lat' dir='ltr'><strong>Musae:</strong></span> <span class='ocrx_word' id='word_1_312' title='bbox 1628 3248 1630 3250; x_wconf 57' lang='lat'>&gt;</span> 
     </span>
    </p>
   </div>
   <div class='ocr_carea' id='block_1_7' title="bbox 549 3299 1975 3443">
    <p class='ocr_par' dir='ltr' id='par_1_13' title="bbox 549 3299 1975 3443">
     <span class='ocr_line' id='line_1_40' title="bbox 549 3299 1910 3371; baseline 0.002 -18"><span class='ocrx_word' id='word_1_313' title='bbox 549 3299 728 3366; x_wconf 77' lang='grc' dir='ltr'><em>Ἴὸμεν</em></span> <span class='ocrx_word' id='word_1_314' title='bbox 768 3303 980 3369; x_wconf 77' lang='grc' dir='ltr'><em>ψεύδεα</em></span> <span class='ocrx_word' id='word_1_315' title='bbox 1016 3303 1185 3357; x_wconf 81' lang='grc' dir='ltr'><em>πολλὰ</em></span> <span class='ocrx_word' id='word_1_316' title='bbox 1209 3303 1386 3371; x_wconf 74' lang='grc' dir='ltr'><em>λέγειν</em></span> <span class='ocrx_word' id='word_1_317' title='bbox 1425 3305 1700 3368; x_wconf 81' lang='grc' dir='ltr'><em>ἐτύμοισιν</em></span> <span class='ocrx_word' id='word_1_318' title='bbox 1737 3305 1910 3368; x_wconf 80' lang='grc' dir='ltr'><em>ὁμοῖα,</em></span> 
     </span>
     <span class='ocr_line' id='line_1_41' title="bbox 565 3368 1975 3443; baseline 0.003 -22"><span class='ocrx_word' id='word_1_319' title='bbox 565 3368 715 3435; x_wconf 78' lang='grc' dir='ltr'><em>ἴδμεν</em></span> <span class='ocrx_word' id='word_1_320' title='bbox 756 3372 826 3435; x_wconf 77' lang='grc' dir='ltr'><strong>δ’,</strong></span> <span class='ocrx_word' id='word_1_321' title='bbox 864 3370 978 3425; x_wconf 79' lang='grc' dir='ltr'><em>εὖτ’</em></span> <span class='ocrx_word' id='word_1_322' title='bbox 1016 3372 1314 3437; x_wconf 79' lang='grc' dir='ltr'><em>ἐθέλωμεν,</em></span> <span class='ocrx_word' id='word_1_323' title='bbox 1353 3371 1568 3443; x_wconf 80' lang='grc' dir='ltr'><em>ἀληθέα</em></span> <span class='ocrx_word' id='word_1_324' title='bbox 1599 3374 1975 3443; x_wconf 82' lang='grc' dir='ltr'><em>μυθήσασθαι.</em></span> 
     </span>
    </p>
   </div>
   <div class='ocr_carea' id='block_1_8' title="bbox 2683 652 2708 1973">
    <p class='ocr_par' dir='ltr' id='par_1_14' title="bbox 2683 652 2708 1973">
     <span class='ocr_line' id='line_1_42' title="bbox 2683 652 2708 1973; baseline 0 0"><span class='ocrx_word' id='word_1_325' title='bbox 2683 652 2708 1973; x_wconf 95' lang='lat' dir='ltr'><strong> </strong></span> 
     </span>
    </p>
   </div>
   <div class='ocr_carea' id='block_1_9' title="bbox 2685 2555 2706 3837">
    <p class='ocr_par' dir='ltr' id='par_1_15' title="bbox 2685 2555 2706 3837">
     <span class='ocr_line' id='line_1_43' title="bbox 2685 2555 2706 3837; baseline 0 0"><span class='ocrx_word' id='word_1_326' title='bbox 2685 2555 2706 3837; x_wconf 95' lang='lat' dir='ltr'><strong> </strong></span> 
     </span>
    </p>
   </div>
  </div>
 </body>
</html>
