2734 4000
1121 303 1193 313 —
1252 278 1476 330 169-—

293 423 757 486 commoditatem
785 424 1201 484 sententiarum
1221 422 1489 484 ferendos
1511 440 1823 483 censerem.
1850 423 2157 485 Difficilior
2184 425 2296 484 erit

296 500 554 562 defensio
594 501 875 561 audaciae
911 506 1148 561 nostrae
1186 502 1244 561 h.
1273 519 1324 560 e.
1352 501 1765 560 Aristarcheae
1791 503 1851 561 in
1872 523 1935 578 μ.
1969 506 2289 562 175-181.

294 585 499 639 contra
535 580 733 651 Pium,
783 579 883 651 qui
939 579 1212 638 nonnulla
1249 578 1397 637 bene
1437 580 1677 652 opponit
1696 623 1712 651 ,
1773 596 1960 652 neque
1998 586 2192 638 tamen
2232 578 2293 636 id

295 654 489 729 efficit,
528 662 595 715 ut
632 657 759 714 istis
800 655 1059 714 versibus
1100 656 1230 729 plus
1269 654 1407 714 fidei
1447 656 1759 715 habeamus
1800 673 1972 728 quam
2012 656 2291 715 similibus

291 734 407 792 illis
450 732 896 806 o.356.sqq.⁶1).
956 732 1125 791 Aliae
1165 730 1478 811 ἀθετήσεις
1516 735 1638 791 eius
1677 733 1987 792 traduntur
2024 750 2292 792 versuum

295 809 348 867 δ.
393 814 520 870 117.
571 808 619 878 ξ.
663 817 794 870 500.
849 829 901 867 ο.
942 815 1266 869 449-451.
1310 815 1372 868 et
1414 813 1543 868 712.
1585 828 1637 867 ‹r-
1681 815 2003 870 444—456.
2048 831 2115 867 ω.
2159 817 2290 869 556.

294 888 426 946 557.
504 888 770 959 Denique
810 887 1066 946 notabile
1106 892 1197 945 est
1237 888 1298 943 in
1337 888 1558 960 primiS,
1599 887 1754 959 quod
1780 889 2063 946 mirantur
2090 887 2291 946 Gram-

234 1034 243 1045 ,
295 964 494 1023 matici
532 964 608 1023 ad
642 984 700 1041 ρ.
745 967 873 1023 172.
899 1009 914 1036 ,
973 964 1126 1023 hunc
1164 981 1393 1022 versum
1432 964 1506 1023 ab
1567 964 1669 1024 illo
1727 965 1851 1023 sine
1909 971 2049 1024 nota
2105 970 2292 1022 trans-

292 1042 529 1099 missum
571 1057 726 1114 esse,
781 1057 954 1112 quum
1003 1041 1174 1113 talia,
1224 1057 1375 1113 quae
1423 1041 1538 1099 vim
1594 1043 1921 1100 sententiae
1966 1043 2293 1099 minuerent

292 1117 717 1190 restringendo,
759 1118 941 1177 obelis
982 1119 1215 1190 signare
1241 1121 1595 1174 consuevisset
1609 1116 1704 1189 ⁶2).
1774 1119 1899 1190 Quo
1926 1136 2038 1177 uno
2069 1135 2139 1176 ex
2165 1119 2292 1177 loco

291 1194 438 1252 satis
479 1199 808 1268 appareret,
851 1196 1077 1253 etiamsi
1119 1196 1299 1253 ceteri
1339 1211 1535 1254 omnes
1566 1194 1855 1267 deessent,
1894 1195 2291 1253 Aristarchum

294 1272 474 1330 multo
514 1273 683 1345 plura
721 1269 1031 1350 ἀθετῆσαι,
1082 1288 1253 1344 quam
1303 1272 1511 1344 quibus
1553 1287 1758 1330 nomen
1800 1274 1923 1330 eius
1965 1274 2292 1346 appositum

293 1352 404 1406 est.
468 1349 661 1421 Atque
700 1349 759 1405 in
781 1348 1043 1421 Odyssea
1083 1349 1313 1421 quidem
1339 1366 1455 1407 non
1481 1349 1714 1407 memini
1741 1351 1853 1407 nisi
1881 1350 2047 1407 unius
2072 1366 2290 1422 versus,

292 1424 371 1482 ab
413 1441 482 1484 eo
522 1426 856 1484 nominatim
906 1422 1328 1502 ἀθετουμένου,
1377 1423 1437 1499 β.
1486 1429 1643 1498 137.,
1684 1443 1854 1498 quem
1895 1433 2053 1485 certe
2096 1427 2294 1484 durior

294 1502 518 1575 ellipsis
559 1503 720 1562 verbi
761 1502 1106 1561 substantivi
1143 1519 1349 1576 parum
1393 1501 1683 1561 defendat.
1767 1504 1931 1562 Haec
1971 1505 2120 1561 enim
2162 1505 2292 1577 ipsa

294 1579 755 1653 interpolationis
796 1597 971 1638 causa
1011 1595 1140 1638 esse
1178 1581 1387 1652 potuit,
1427 1586 1493 1637 ut
1530 1581 1596 1638 Il.
1638 1601 1690 1658 η.
1722 1574 1853 1640 353.
1896 1602 1930 1636 ι.
1961 1587 2091 1640 416.
2135 1586 2195 1638 et
2233 1581 2293 1637 in

291 1656 423 1715 aliis
464 1657 743 1715 versibus.
814 1656 1082 1715 Ceterum
1124 1658 1298 1715 etiam
1338 1657 2290 1792 Qco

291 1734 674 1811 coniunctum,
715 1733 1011 1806 duplicata
1036 1739 1177 1793 nota
1203 1735 1351 1806 signi
1394 1751 1548 1806 canS,
1589 1753 1691 1793 suo
1714 1751 1813 1806 qlu
1858 1752 1947 1792 em
1995 1751 2097 1793 oco
2129 1748 2293 1806 egre-·

286 1811 451 1882 -gium
503 1827 909 1888 YQPEQUAESQ
959 1810 1063 1868 sed
1121 1811 1329 1887 alieno
1357 1812 1482 1870 loco
1532 1806 2287 1870 mmm.

296 1883 505 1959 Qtffm*
521 1888 594 1947 ob
635 1905 868 1947 causam
907 1889 1120 1961 partim
1163 1891 1233 1946 27
1263 1886 1462 1946 versus
1504 1909 1561 1945 α.
1593 1884 1721 1948 365.
1736 1905 1858 1961 sqq.
1901 1906 2007 1962 pro
2036 1890 2290 1961 interpo-
2317 1913 2391 1954 276

294 1965 430 2023 latis
471 1965 654 2024 habiti
694 1971 854 2037 sunt3
894 1981 1202 2039 perperam
1244 1982 1383 2024 sane
1424 1966 1528 2038 illi,
1579 1972 1644 2024 ut
1684 1967 1785 2025 alii
1826 1967 1992 2025 multi
2034 1965 2290 2024 eiusdem

294 2048 485 2101 notae.
564 2044 770 2115 Neque
810 2049 1004 2101 tamen
1046 2043 1281 2101 dubium
1324 2049 1432 2115 est,
1472 2045 1611 2115 quin
1652 2044 1966 2103 similitudo
2008 2042 2292 2116 quaedam

295 2120 550 2178 locorum
588 2119 877 2178 interdum
917 2121 1276 2179 occasionem
1317 2120 1546 2178 dederit
1572 2121 1829 2179 versibus
1856 2122 2052 2193 inepte
2079 2122 2292 2179 iteran-

299 2196 406 2254 dis.
501 2196 617 2255 Sed
667 2197 741 2255 de
790 2198 878 2255 his
937 2198 1183 2269 aliisque
1233 2198 1564 2270 diligentius
1614 2197 1925 2271 disputabo
1977 2199 2036 2255 in
2077 2198 2290 2255 'altera

293 2277 465 2356 parte
521 2273 689 2332 huius
728 2274 891 2346 libri,
941 2276 1001 2332 in
1051 2290 1167 2346 qua
1205 2275 1338 2332 unci
1376 2275 1517 2333 mihi
1557 2275 1671 2333 mei
1712 2272 2062 2333 defendendi
2103 2279 2287 2333 erunt.

1235 2488 1354 2566 LI.

447 2658 616 2716 Nunc
663 2658 826 2716 nobis
867 2675 1012 2715 unus
1053 2665 1238 2717 restat
1279 2675 1311 2717 e
1354 2657 1583 2718 Criticis
1622 2659 2033 2726 nobilioribus»,
2085 2658 2288 2733 CER&

295 2733 587 2806 MalloteS,
628 2736 726 2806 qui
766 2752 802 2793 a
828 2736 1106 2808 singulari
1132 2736 1324 2795 studio
1353 2741 1566 2809 poetae
1593 2737 1933 2796 Homericus
1963 2734 2149 2793 dictus
2180 2740 2287 2807 est,

295 2810 619 2870 Eustarchi
646 2811 799 2870 idem
827 2815 1085 2871 aemulus
1115 2819 1176 2872 et
1202 2814 1569 2872 adversarius
1592 2814 1904 2872 acerrimus
1914 2811 2008 2884 ⁶³).
2049 2814 2105 2870 Is
2127 2812 2290 2871 scho-

430 2993 504 3049 611
541 2991 680 3045 Vide
717 3009 880 3061 supra
916 3008 1001 3061 cp.
1037 2992 1206 3046 XXX.

429 3078 501 3146 ⁶²)
538 3076 819 3141 Μεμείωκε
879 3081 977 3149 τὴν
1039 3078 1289 3146 ἔμφασιν.
1359 3074 1497 3132 Καὶ
1555 3078 1633 3130 τὰ
1692 3082 1981 3131 τοιαῦτα
2040 3074 2287 3129 εἴωθεν

296 3145 590 3200 ἀθετεῖν
628 3149 659 3200 ὖ
695 3146 1148 3218 Ἀρίσταρχος.
1678 3214 1682 3218 .

430 3233 502 3299 63)
538 3231 729 3286 Suidas
745 3248 892 3287 vocc.
918 3228 974 3284 K
1006 3232 1044 3283 ά
1111 3250 1138 3292 ς
1173 3237 1228 3285 et
1252 3231 1503 3302 Ἀρίσταρ
1541 3251 1614 3292 ος.
1669 3232 1768 3285 1110
1805 3232 1925 3286 1000
1960 3231 2011 3283 ei
2035 3230 2292 3283 tribuitur

297 3300 585 3368 διόρθωσις
630 3298 846 3359 Ἰλιάδος
892 3319 960 3352 κα
1022 3251 1327 3360 ‘arguantur-
1375 3303 1432 3352 ἐν
1480 3251 1720 3367 ,gamem
1756 3296 1830 3367 θ’,
1878 3299 1966 3351 καὶ
2004 3295 2160 3377 ἄλλα..
2224 3299 2289 3351 111

294 3369 379 3423 his
414 3365 591 3428 ἄλλοις
624 3369 869 3436 fuerunt,
917 3377 978 3421 ut
1013 3368 1231 3437 opinor,
1277 3369 1437 3437 plura
1483 3369 1552 3423 ad
1585 3368 1865 3423 historiam
1903 3375 1957 3419 et
1993 3366 2290 3421 doctrinam

333 3443 577 3492 cetarum
611 3436 954 3505 pertinentia,
1004 3444 1060 3490 et
1095 3454 1232 3505 opus
1267 3437 1395 3506 περὶ
1430 3444 1525 3507 τῆς
1558 3437 1783 3505 Ἀττικῆς
1817 3436 2093 3488 διαλέκτου
2129 3451 2170 3489 s,
2207 3435 2290 3486 λε’·

331 3524 450 3574 εως,
482 3506 634 3561 cuius
669 3507 913 3576 quintum
948 3505 1139 3559 librum
1177 3506 1379 3561 excitat
1413 3505 1611 3559 Athen.
1647 3504 1741 3558 XI.
1777 3521 1831 3572 p.
1866 3504 1984 3559 497.
2022 3504 2085 3557 F.
