2734 4000
335 567 359 604 8

1225 283 1296 302 ,...
1377 267 1414 318 4
1496 200 1605 354 —‘-.

1338 413 1475 487 III.

499 566 746 625 Abiecta
787 583 927 638 ergo
967 582 1101 639 spe,
1154 565 1279 626 fore
1319 583 1597 640 unquam,
1653 573 1718 625 ut
1763 569 2090 628 Carminum
2130 569 2397 630 Homeri-

385 660 580 702 corum
608 660 756 716 quae
783 644 1050 717 primitus
1077 641 1254 702 fuerit
1279 641 1481 717 forma,
1512 644 1650 703 alibi
1678 661 1848 716 quam
1876 646 1935 703 in
1962 652 2153 704 mente
2176 653 2396 713 nostra,

386 725 446 777 et
484 719 546 776 id
588 720 817 792 quidem
857 720 1097 778 rudibus
1137 721 1325 792 lineis,
1367 719 1506 792 fingi
1550 727 1743 793 queat,
1790 723 2200 795 experiendum
2235 724 2397 782 vide-

384 797 587 868 batur,
631 813 742 868 quo
783 812 887 855 nos
927 798 986 853 in
1029 796 1386 870 expoliendis
1426 798 1517 856 his
1559 799 1813 856 aeternis
1856 804 1916 857 et
1956 800 2139 856 unicis
2182 800 2396 858 Graeci

342 907 345 910 >
382 874 604 945 ingenii
642 874 900 944 reliquiis
928 875 1178 946 vestigia
1218 874 1580 945 antiquitatis
1610 875 1904 933 ducerent.
1987 877 2170 947 Quam
2198 892 2395 935 curam

384 966 558 1021 quum
597 951 749 1007 inter
788 955 877 1008 tot
916 949 1164 1023 diversa,
1206 967 1355 1039 quae
1384 952 1589 1010 melior
1618 968 1814 1009 earum
1846 953 2158 1011 illustratio
2186 954 2391 1025 poscit,

382 1027 626 1100 primam
668 1033 727 1103 et
763 1027 1008 1084 maxime
1048 1028 1435 1085 necessariam
1478 1044 1606 1086 esse
1634 1044 1948 1102 censerem,
1989 1029 2100 1087 hac
2128 1029 2393 1088 editione

383 1103 459 1161 ad
488 1119 615 1161 eam
644 1095 729 1161 ita
758 1104 1007 1161 animum
1034 1105 1308 1177 applicui,
1336 1108 1402 1160 ut
1429 1106 1802 1163 accuratioris
1830 1106 2200 1178 recensioniS,
2231 1106 2394 1164 cuius

381 1179 612 1239 modum
653 1196 829 1253 supra
869 1180 1189 1253 designavi,
1231 1182 1522 1253 specimen
1568 1182 1783 1240 darem.
1866 1183 1933 1240 Id
1961 1183 2213 1241 Homero
2254 1199 2395 1241 non-

384 1257 521 1314 dum
549 1258 880 1328 contigisse,
919 1258 1072 1314 inter
1100 1256 1358 1315 eruditos
1389 1262 1629 1316 constat.
1699 1260 1849 1317 Nam
1876 1260 2392 1317 instrumentorum
2417 1255 2421 1258 ’

383 1334 590 1392 idoneo
617 1349 854 1393 numero
883 1339 1148 1392 carentes
1176 1333 1425 1392 antehac
1454 1334 1708 1393 editores
1737 1351 1809 1393 ne
1837 1340 2110 1407 poterant
2137 1335 2387 1425 quidem,

380 1411 433 1468 si
460 1410 793 1483 voluissent,
833 1411 951 1469 tale
979 1411 1278 1469 consilium
1308 1411 1480 1468 inire:
1523 1412 1719 1482 itaque
1747 1412 2104 1484 plerumque,
2145 1413 2257 1470 nisi
2288 1427 2387 1469 eos

340 1544 349 1551 ,
381 1485 531 1546 forte
572 1488 779 1558 aliquis
818 1504 1042 1564 pannus
1084 1487 1297 1546 Scholii
1338 1488 1431 1544 vel
1469 1488 1764 1546 Eustathii
1803 1488 2091 1558 codicisve
2133 1489 2390 1546 varietas

333 2342 358 2381 9

383 1569 784 1636 commoveret,
825 1551 1030 1622 obviae
1070 1563 1476 1637 perspicuitati
1515 1565 1930 1622 sententiarum
1962 1581 2165 1622 secure
2194 1564 2390 1623 indor-

381 1641 654 1714 miebant.
733 1609 897 1699 A’deo
938 1641 1191 1700 Homero
1234 1640 1476 1729 insignis
1518 1658 1625 1698 sua
1662 1641 1790 1698 laus
1818 1642 2165 1703 tenuitatem
2194 1642 2393 1699 attulit

387 1708 448 1775 et
485 1718 747 1789 maciem,
789 1734 963 1789 quum
1003 1718 1104 1776 alii
1143 1718 1299 1776 vitiis
1327 1719 1446 1775 suis
1473 1718 1938 1807 pinguescerent.
1992 1718 2390 1790 Lycophronis

385 1794 656 1852 tenebras
712 1794 762 1852 si
810 1794 1145 1866 obiecisset,
1196 1795 1403 1851 mirum
1444 1796 1503 1851 ni
1545 1796 1599 1852 ei
1652 1795 1760 1853 toti
1811 1811 2020 1867 greges
2071 1792 2394 1852 baiulorum

383 1871 500 1929 iam
540 1870 756 1929 dudum
796 1873 981 1929 lucem
1022 1839 1401 1942 und'eounque
1442 1877 1868 1943 apportassent.
1948 1872 2079 1929 Non
2122 1887 2230 1942 ego
2275 1872 2394 1927 cui-

380 1964 552 2020 quam
593 1963 808 2021 eorum,
850 1949 947 2019 qui
986 1953 1221 2021 poetam
1257 1948 1393 2008 olim
1435 1947 1759 2021 ediderunt,
1801 1948 1941 2007 vitio
1982 1953 2221 2020 vertam,
2263 1952 2381 2005 tam

379 2041 584 2098 parum
624 2025 881 2084 studiose
922 2025 995 2084 ab
1036 2027 1107 2083 iis
1134 2026 1497 2084 membranas
1526 2032 1588 2084 et
1613 2026 1887 2097 reliquias
1916 2025 2275 2084 Scholiorum
2321 2041 2394 2082 ex

382 2101 748 2161 bibliothecis
790 2102 1142 2173 conquisitas
1198 2118 1354 2160 esse:
1407 2102 1469 2159 id
1519 2101 1785 2162 fortunae
1835 2103 2020 2174 magis
2078 2108 2169 2160 est
2219 2117 2393 2172 quam

382 2179 600 2251 ingenii
650 2183 753 2236 aut
801 2178 1151 2237 industriae:
1205 2195 1533 2250 quanquam
1581 2178 1872 2250 nonnulli,
1933 2184 1999 2236 ut
2055 2178 2392 2249 Berglerus,

384 2257 561 2314 etiam
599 2256 824 2313 oblatas
867 2256 1147 2314 eiusmodi
1186 2272 1327 2329 opes
1355 2260 1727 2328 spreverunt3
1769 2256 1899 2313 aliis
1927 2260 2139 2326 autem,
2182 2260 2247 2314 ut
2273 2255 2391 2312 Ita-

383 2333 512 2390 licis
563 2332 910 2405 editoribuS,
953 2348 1152 2390 earum
1191 2331 1537 2390 utendarum
1575 2330 1821 2389 facultas
1863 2333 1923 2388 in
1977 2332 2187 2389 vicinia
2239 2333 2383 2389 erat.
2455 2337 2468 2374 ῖ

382 2410 450 2467 Ιιι
487 2409 579 2466 his
618 2408 810 2480 rebus,
854 2414 920 2466 ut
958 2409 1095 2481 dixi,
1136 2425 1305 2467 casus
1347 2408 1691 2468 dominatur.
1773 2408 1889 2466 Sed
1930 2407 2084 2479 quod
2123 2424 2197 2467 ne
2238 2408 2390 2466 haec

384 2486 632 2558 quidem,
674 2501 840 2557 quae*
864 2486 1021 2558 apud
1059 2487 1322 2559 vulgatos
1363 2487 1704 2559 scriptoreS,
1737 2484 2156 2544 Grammaticos
2188 2490 2247 2543 et
2273 2484 2391 2543 Le-

382 2563 767 2636 xicographos
806 2564 867 2620 in
907 2567 1180 2637 promptu
1219 2567 1405 2635 erant,
1446 2578 1553 2621 nec
1592 2567 1871 2633 congesta
1911 2560 1983 2620 ab
2025 2562 2142 2620 ullo
2175 2577 2389 2633 eorum,

385 2656 573 2711 neque
615 2639 690 2697 ad
732 2640 1194 2698 constituendum
1233 2645 1456 2698 textum
1496 2637 1756 2698 adhibita
1795 2644 1959 2711 sunt,
2023 2638 2085 2695 id
2137 2639 2244 2697 soli
2290 2653 2392 2696 ne-

388 2717 701 2789 gligentiae
729 2732 797 2774 ac
822 2717 1049 2776 levitati
1074 2716 1475 2790 imputandum
1515 2715 1749 2774 dixeris.
1809 2715 1959 2773 Nam
1987 2716 2115 2786 quis
2141 2714 2390 2787 primum

387 2795 614 2852 evolvat
653 2811 704 2851 v.
733 2810 782 2850 c.
812 2793 1180 2866 Apollonium
1205 2793 1537 2866 Dyscolum,
1576 2792 2037 2864 Etymologicum
2064 2791 2166 2863 M„
2208 2790 2390 2863 Hesy-

386 2870 593 2941 chium,
622 2871 760 2941 quin
787 2871 986 2928 statim
1005 2871 1234 2943 viderit,
1258 2871 1471 2928 multas
1492 2870 1575 2929 ibi
1594 2869 1874 2928 lectiones
1898 2874 1958 2927 et
1979 2866 2393 2958 διττογραφίας

386 2947 613 3004 latere?
654 2951 720 3003 ut
757 2946 926 3004 huius
968 2953 1128 3006 certe
1153 2949 1241 3006 rei
1266 2948 1549 3005 monitore
1577 2963 1743 3004 nemo
1773 2951 1990 3017 egeret.
2044 2944 2126 3002 At
2151 2945 2389 3003 minoris

388 3038 604 3095 operae
645 3028 755 3092 est,
795 3023 1055 3095 virgulae
1095 3024 1323 3083 cuidam
1364 3022 1594 3082 divinae
1633 3021 1831 3093 fidere,
1875 3022 1926 3079 si
1965 3021 2107 3093 quid
2135 3036 2206 3079 ea
2232 3021 2385 3079 inter

387 3100 575 3173 ipsam
614 3115 812 3157 curam
853 3099 1064 3158 edendi
1088 3101 1310 3173 offerat,
1352 3116 1524 3173 quam
1550 3105 1640 3159 tot
1666 3104 1786 3157 tam
1813 3099 2058 3156 tetricae
2086 3096 2385 3157 doctrinae

388 3176 568 3235 libros
609 3180 891 3249 tractare,
933 3178 1123 3237 animo
1163 3176 1239 3236 ad
1278 3193 1454 3235 unum
1493 3193 1638 3250 opus
1678 3177 1919 3234 intento.
2003 3173 2196 3247 Quid?
2231 3174 2391 3245 quod

391 3270 490 3312 eos
530 3268 603 3312 ne
640 3221 1014 3311 Eustathium
1054 3253 1312 3326 quidem,
1356 3254 1449 3313 cui
1489 3269 1685 3313 omnes
1725 3252 2223 3325 interpretationis
2263 3251 2388 3309 Ho-

389 3331 638 3388 mericae
678 3330 930 3402 palmam
971 3329 1212 3403 dabant,
1257 3336 1444 3389 totum
1483 3334 1816 3390 constanter
1854 3328 2284 3401 pervolutasse‚
2329 3332 2390 3385 et

388 3422 537 3477 quae
602 3407 738 3466 huic
801 3408 996 3466 insunt
1059 3407 1228 3465 utilia
1293 3408 1679 3480 excerpsisse,
1749 3406 1984 3477 quaevis
2050 3405 2392 3519 Rhapsodia

389 3482 599 3554 arguit.
