2734 4000
1228 244 1456 298 -122
1509 269 1583 280 —

561 392 677 452 Sed
717 393 827 452 etsi
853 392 991 452 mihi
1031 391 1390 451 eruditorum
1429 392 1598 450 venia
1620 408 1767 465 opus
1795 397 1903 464 est,
1945 409 2074 452 eam
2100 398 2400 454 tentaturo

404 485 545 540 rem,
587 470 647 526 in
687 486 803 541 qua
840 469 1271 528 callidissimum
1311 469 1698 528 coniectorem
1737 469 2077 541 saepissime
2118 470 2403 530 destituat

408 552 640 604 servata
676 545 877 605 fractis
915 545 1237 616 lacerisque
1269 545 1485 604 tabulis
1510 546 1774 616 materia,
1813 545 1970 604 haud
1994 547 2285 619 ingratum
2311 557 2400 607 ta·

405 637 537 681 men
555 620 680 682 fore
705 623 975 694 arbitror,
1001 623 1070 694 si,
1097 638 1247 694 quae
1271 623 1491 694 passim
1516 621 1804 695 dissipata
1827 620 2110 696 feruntur,
2137 624 2402 685 adhibito

407 699 655 771 quodam
694 700 768 758 de
808 699 1163 772 gravissimis
1200 698 1377 757 rebus
1415 698 1630 758 iudicio
1669 699 1745 759 ad
1764 698 2001 758 brevem
2026 709 2402 774 conspectum

406 791 682 836 revocare
722 783 985 850 potuero.
1063 776 1157 834 Ita
1196 776 1373 834 etiam
1412 781 1677 834 crescent
1716 775 2137 848 quodammodo
2177 779 2403 851 copiae,

408 859 558 924 quae
596 868 706 912 nec
730 856 891 927 ipsae
917 869 1025 926 per
1051 869 1115 912 se
1140 853 1594 912 contemnendae
1622 859 1772 911 sunt.
1842 852 2197 926 Gauderent‚
2237 862 2408 928 puto,

304 950 382 989 199
405 930 671 1001 magistri
710 930 1055 1003 Orientales‚
1095 931 1145 987 si
1183 930 1369 989 tribus
1407 930 1549 988 locis
1577 937 1738 989 certo
1778 936 2090 1002 constaret,
2130 932 2270 1003 quid
2297 931 2416 991 Ga·

404 1006 600 1064 maliel
640 1012 742 1065 aut
789 1007 938 1065 alius
979 1007 1292 1080 superioris
1346 1008 1559 1065 aetatis
1600 1006 1804 1066 doctor
1840 1006 2094 1066 Iudaeus
2132 1009 2196 1066 ia
2230 1008 2403 1068 Mose

408 1088 469 1141 et
505 1082 814 1156 Prophetis
853 1084 1089 1158 legerit:
1130 1101 1233 1143 nos
1273 1085 1333 1141 in
1358 1084 1614 1143 Homero
1642 1083 1782 1155 quid
1807 1084 2138 1144 Zenodotus
2165 1085 2401 1158 legerit,

406 1167 521 1220 400
558 1159 684 1219 fere
720 1162 862 1221 locis
876 1202 894 1229 ‚
944 1160 1083 1233 quid
1121 1161 1578 1235 Aristophanes,
1616 1157 1741 1219 fere
1781 1167 1893 1220 200
1907 1205 1924 1233 ‚
1966 1161 2107 1234 quid
2144 1163 2403 1222 Aristar-

407 1237 568 1310 chus,
607 1238 738 1311 plus
779 1238 986 1297 millies
1028 1237 1254 1296 scimus.

1264 1448 1541 1522 XLIII.
1576 1526 1587 1542 ,

560 1621 963 1694 Antiquissimi
1011 1622 1282 1693 illorum,-
1314 1620 1598 1679 Zenodoti
1637 1621 1690 1680 E
1734 1622 1913 1692 hesii‚
1967 1639 2137 1695 quem
2178 1624 2408 1696 epicum

406 1703 638 1770 poetam
680 1704 739 1757 et
775 1699 1021 1771 primum
1059 1695 1384 1777 διορθωτὴν
1414 1697 1654 1757 Homeri
1679 1640 1859 1758 fluisse
1888 1699 2100 1759 Suidas
2124 1698 2409 1770 refert⁶⁹)‚

306 1791 383 1831 200
407 1772 563 1833 fama
600 1791 830 1848 semper
874 1773 985 1834 fuit
1038 1792 1318 1849 perquam
1357 1775 1647 1848 ambigua.
1726 1777 1874 1835 Nam
1917 1778 2018 1835 alii
2057 1778 2131 1837 ab
2174 1778 2410 1850 ingenio

547 2024 621 2089 69)
655 2022 719 2077 Τ.
753 2023 825 2075 ΙΙ.
862 2040 914 2091 p.
949 2027 998 2077 8.
1068 2023 1152 2077 Ibi
1199 2023 1467 2090 quomodo
1503 2023 1874 2091 accipiendum
1912 2023 1998 2091 sit,
2034 2023 2181 2092 quod
2208 2025 2415 2090 primus

411 2090 623 2158 dicitur,
658 2106 813 2145 nemo
849 2097 1077 2161 quaerat
1109 2099 1234 2159 post
1266 2090 1559 2145 Kusterum
1595 2097 1652 2145 et
1675 2091 1983 2146 Fabricium
2019 2108 2072 2159 p.
2095 2095 2212 2147 362.
2267 2090 2411 2157 Quo-

409 2159 553 2214 niam
590 2165 789 2226 autem,
827 2161 1016 2215 eodem
1051 2159 1217 2214 Suida
1249 2166 1488 2227 auctore,
1524 2159 1662 2213 alius
1696 2159 2005 2215 Zenodotus
2037 2158 2143 2213 fuit
2173 2160 2411 2214 Alexan-

410 2226 612 2296 drinu8‚
648 2228 962 2283 Aristarcho
996 2243 1200 2296 suppar
1234 2233 1290 2282 et
1325 2226 1681 2294 adversarius,
1717 2227 2078 2283 necessarium
2116 2234 2215 2295 est,
2250 2227 2413 2282 huius

411 2312 550 2365 quae
575 2297 698 2364 sint,
735 2312 874 2365 quae
908 2297 1069 2364 illius,
1106 2294 1267 2349 distin
1344 2311 1453 2349 ere.
1524 2296 1747 2351 Addunt
1782 2302 2069 2365 praeterea
2105 2297 2320 2351 Scholia
2355 2297 2414 2350 in

408 2366 562 2419 Arat.
609 2364 810 2419 Phaen.
845 2369 926 2419 33.
977 2371 1033 2418 et
1075 2312 1327 2418 Eustatffi.
1364 2381 1417 2432 p.
1454 2366 1571 2420 957.
1613 2368 1761 2419 1006.
1807 2365 2029 2418 tertium
2078 2365 2195 2418 eius
2244 2366 2410 2418 nomi·

409 2434 509 2501 nis,
544 2432 823 2500 Malloten,
861 2432 1088 2487 eundem
1124 2432 1367 2499 fortasse,
1407 2434 1500 2500 qui
1520 2428 1860 2504 Κρατήτειος
1893 2441 2121 2488 vocatur
2136 2433 2193 2485 in
2211 2432 2415 2487 Scholl.

410 2502 481 2555 ad
523 2504 581 2568 φ.
617 2503 699 2556 79.
770 2501 876 2555 Sed
911 2508 975 2554 ut
1009 2501 1182 2555 dicam
1218 2502 1363 2569 quod
1399 2501 1588 2568 sentio,
1625 2517 1694 2555 ne
1729 2502 1873 2555 hunc
1908 2501 2125 2570 quidem
2150 2500 2218 2555 ab
2238 2501 2413 2555 altero

409 2569 501 2626 illo
538 2570 806 2623 diversum
840 2568 1136 2635 habuerim,
1170 2577 1233 2622 ut
1257 2570 1325 2623 ab
1361 2569 1480 2623 aliis
1515 2585 1550 2623 a
1584 2570 1763 2637 patria
1779 2570 2048 2636 MalloteS‚
2083 2569 2152 2623 ab
2189 2568 2308 2623 aliis
2345 2585 2416 2623 ex

408 2653 557 2693 more
591 2639 788 2691 aetatis
824 2637 968 2691 illius
1003 2637 1398 2691 Alexandrinus
1432 2654 1468 2691 a
1503 2636 1770 2692 domicilio
1807 2638 1982 2691 dictus
2019 2638 2103 2704 sit,
2140 2636 2414 2706 fueritque

410 2705 466 2759 in
500 2706 568 2760 iis
603 2705 835 2761 Cratetis
871 2706 1162 2773 discipuIiS‚
1199 2707 1292 2774 qui
1325 2706 1571 2774 magistri
1606 2706 1689 2759 sui
1725 2705 2120 2761 contentionem
2145 2723 2269 2760 cum
2291 2705 2423 2760 Ari«

410 2775 624 2830 starcho
639 2814 653 2841 ,
700 2780 761 2827 ut
793 2773 880 2840 fit,
928 2790 1080 2828 suam
1123 2774 1379 2828 facerent.
1450 2776 1564 2828 Iam
1601 2791 1766 2843 quum
1801 2775 1857 2828 in
1893 2774 2027 2827 Ven.
2065 2775 2295 2829 Scholiis
2329 2781 2415 2830 tot

409 2843 559 2906 locis,
596 2850 824 2911 excepto
860 2858 968 2897 uno
1001 2842 1124 2910 isto,
1161 2858 1375 2910 semper
1395 2843 1704 2897 Zenodotus
1739 2843 2045 2912 appelletur
2079 2843 2414 2910 simpliciter,

410 2911 737 2979 compositus
773 2911 936 2964 etiam
971 2911 1059 2965 vel
1093 2911 1435 2979 praepositus
1465 2911 1817 2980 Aristophani
1853 2918 1908 2964 et
1931 2911 2248 2965 Aristarcho
2301 2928 2418 2965 om-

409 2979 607 3049 niaque
642 2979 722 3032 illi
756 2979 960 3033 tributa
995 2978 1066 3033 ad
1100 2979 1323 3033 eandem
1346 2979 1610 3033 rationem
1636 2985 1692 3032 et
1715 2979 1939 3033 formam
1962 2978 2164 3047 ingenii
2177 2995 2235 3034 re
2262 2994 2416 3033 eran-

410 3055 516 3116 tur,
553 3048 713 3115 plane
750 3064 856 3101 non
892 3047 1095 3115 dubito,
1129 3048 1329 3116 ubique
1365 3047 1481 3101 fere
1516 3047 1661 3115 apud
1682 3048 1863 3115 Intpp.
1887 3048 2110 3101 Homeri
2134 3048 2414 3113 Ephesium

362 3142 384 3196 Ἰ
418 3117 662 3169 criticum
698 3116 1130 3183 intelligendum,
1185 3124 1241 3171 et
1276 3116 1320 3168 si
1357 3132 1466 3183 qua
1501 3117 1717 3169 alterius
1752 3117 1997 3168 Mallotae
2033 3122 2322 3182 supersunt
2357 3116 2415 3168 in

410 3185 494 3252 iis,
532 3201 670 3253 quae
705 3186 903 3252 passim
939 3184 1196 3238 adversus
1216 3184 1592 3238 Aristarchum
1628 3191 1928 3252 monentur,
1961 3199 2027 3237 ea
2063 3185 2176 3236 sine
2200 3183 2415 3238 nomine

370 3247 383 3308 ἰ
412 3253 483 3307 ad
517 3270 616 3307 nos
650 3253 863 3321 perlata
897 3268 1031 3306 esse.
1100 3251 1366 3320 Equidem
1404 3267 1502 3305 sex
1538 3259 1746 3321 septem
1780 3252 1913 3306 locis
1948 3251 2282 3306 Scholiorum
2317 3251 2415 3304 ali-

373 3321 380 3331 “
412 3322 627 3389 quando
661 3322 716 3375 in
752 3320 1140 3375 dubitationem
1175 3336 1260 3374 me
1295 3320 1587 3375 adductum
1622 3320 1863 3387 memini3
1898 3335 2082 3373 verum
2106 3319 2417 3387 diligentius

414 3390 697 3457 explorata
729 3404 817 3442 res
851 3389 1080 3456 primum
1118 3388 1431 3456 adspectum
1456 3388 1804 3443 confirmavit.
1862 3387 2178 3457 Eodemque
2201 3404 2298 3444 nos
2321 3387 2417 3442 alii

414 3458 703 3524 scriptores
738 3456 955 3524 ducunt,
993 3456 1201 3524 Strabo,
1236 3456 1569 3525 Athenaeu8‚
1604 3457 1922 3525 Apollonius
1946 3456 2104 3511 Alex.
2141 3462 2241 3510 etc.
