2734 4000
1162 302 1233 311 -
1310 274 1529 352 41„—

348 420 590 480 finitima
628 421 878 481 Graecia
927 439 1043 482 non
1100 423 1272 480 aliter
1322 423 1561 495 vulgata
1602 438 1749 496 esse,
1791 440 1960 496 quam
2002 423 2158 497 apud
2193 422 2351 496 ‘Aga-

334 500 609 572 ‚thyrsoffi
661 498 995 558 Aristotelis
1039 505 1264 572 aetate,
1316 505 1492 571 atque
1532 506 1706 559 antea
1744 501 1900 574 apud
1942 500 2266 559 Cretenses
2291 508 2352 559 et

347 575 857 647 LacedaemoniOS‚
887 592 1031 647 quos
1057 577 1191 635 huic
1215 577 1304 635 rei
1333 578 1509 635 etiam
1536 583 1765 636 cantum
1794 583 1855 636 et
1879 578 2128 637 musicos
2148 576 2349 636 modos

347 652 682 711 adhibuisse
722 658 964 712 constat.
1036 652 1220 709 Primi
1249 656 1581 710 Graecorum
1624 658 1858 710 omnium
1900 655 2147 727 §elimas
2186 656 2349 726 leges

347 730 1757 865 *QFQL-OQEAEQQMQ
1775 776 1790 804 ‚
1851 747 2019 803 quem
2059 730 2349 790 Eusebius
2376 742 2427 782 ⁶8

343 808 514 943 goim:
601 811 860 865 orentem
955 807 1130 880 lymp.
1172 807 1389 865 XXIX.
1444 813 1580 866 ante
1623 807 1755 867 Chr.
1798 814 1927 867 664.
1968 825 2057 866 aa.
2102 810 2174 867 '70
2215 812 2348 865 ante

385 901 420 942 o
444 897 627 943 onem.

497 959 714 1018 Verum
754 959 828 1017 de
866 960 1102 1019 Zaleuci
1147 960 1392 1032 legibus,
1433 977 1675 1033 quarum
1713 962 1939 1021 nonnisi
1977 961 2169 1021 tenuis
2195 958 2349 1019 fama
2375 970 2427 1010 ⁶⁹

361 1043 645 1110 superest,
687 1043 960 1110 corrupta
1002 1053 1039 1095 a
1079 1036 1584 1106 declamatoribus,
1623 1044 1689 1096 ut
1728 1040 1844 1097 alia
1879 1040 2078 1111 multa,
2118 1039 2203 1095 ita
2241 1038 2350 1096 hoc

354 1130 592 1187 prorsus
631 1114 888 1187 ignotum
930 1118 1037 1186 est,
1080 1129 1193 1186 quo
1235 1129 1449 1185 genere
1488 1114 1779 1173 scribendi
1819 1120 1880 1174 et
1905 1116 2111 1188 quibus
2137 1116 2358 1173 instru-

348 1192 561 1248 mentis
603 1196 877 1248 exaratae
919 1190 1051 1248 sint.
1115 1191 1340 1263 Solonis
1379 1196 1573 1249 autem
1600 1198 1795 1251 aetate
1823 1194 2009 1264 qualis
2033 1192 2348 1251 Athenien-

339 1269 489 1326 sium
509 1250 1004 1340 scriffiffissriu
1025 1268 1258 1340 publica
1282 1267 1534 1339 quidem,
1563 1267 1960 1343 demonstrant
1982 1271 2142 1342 leges
2164 1270 2370 1342 ipsius¹

341 1344 568 1417 Olymp.
596 1343 803 1417 XLVI,
845 1352 899 1403 3.
941 1351 1077 1402 ante
1111 1343 1242 1403 Chr.
1273 1351 1404 1404 594.
1445 1345 1686 1405 rudibus
1725 1349 1986 1406 materiis
2026 1348 2346 1419 inscalptae

512 1512 582 1576 32)
628 1510 751 1563 Etsi
771 1510 904 1564 ‘duo
950 1515 1159 1563 tantum
1211 1508 1392 1564 idonei
1425 1516 1673 1565 auctores
1708 1517 1924 1565 exstant
1958 1512 2117 1567 huius
2152 1513 2346 1581 famae,

351 1581 615 1660 Scymnus
648 1579 858 1658 Pei-ieg.
895 1582 1014 1633 313.
1049 1577 1240 1632 Strabo
1279 1577 1373 1631 VI.
1412 1594 1466 1646 p.
1503 1583 1664 1660 259⁹.
1693 1595 1813 1633 eam
1847 1587 2029 1642 tamen
2064 1582 2189 1661 olim
2225 1597 2347 1662 con-

339 1647 1916 1795 12³3³22¹3⁸¹ffit153¹³0⁸1203³22⁰3115512maistam.
1935 1650 2348 1786 aflinni&

339 1783 432 1840 tur
465 1802 625 1859 quam
646 1785 877 1838 maxime
901 1782 1113 1851 pondus
1135 1783 1297 1837 huius
1320 1783 1660 1839 auctoritatis
1682 1786 1949 1839 communi
1972 1785 2158 1839 morbo
2184 1786 2347 1840 Grae-

341 1870 543 1921 corum,
593 1868 752 1921 quem
785 1852 969 1921 paullo
1006 1858 1133 1905 ante
1170 1852 1227 1905 in
1261 1852 1464 1922 Gorgia
1498 1853 1681 1907 notavi
1717 1860 1773 1905 et
1808 1869 1970 1921 saepe
2006 1853 2151 1916 alibi.
2222 1854 2347 1919 Qui-

345 1938 556 1990 cunque
603 1921 744 1975 enim
784 1921 896 1975 ullo
943 1927 1188 1987 tempore
1245 1922 1555 1976 claruerant
1599 1920 1806 1990 legibus
1852 1921 2115 1983 ferendiS‚
2160 1922 2346 1976 eodem

341 2007 526 2046 omnes
560 1989 678 2045 loco
715 1989 783 2043 ab
820 1989 924 2044 illis
959 1988 1151 2043 haberi
1185 1989 1456 2045 solebant:
1493 1990 1655 2044 etiam
1692 1988 1922 2058 fabulae,
1959 1993 2123 2045 Ceres
2145 1992 2347 2056 θεσμο-

349 2061 535 2128 φόρος,
571 2059 950 2127 Triptolemu3‚
991 2059 1242 2127 Cecrop8‚
1280 2076 1390 2114 non
1425 2064 1764 2128 spernuntur.
1823 2059 1975 2113 Alias
2010 2061 2065 2114 in
2100 2061 2202 2114 hoc
2220 2076 2349 2128 quo-

349 2143 454 2196 que
492 2143 689 2196 genere
727 2143 795 2181 ex
832 2126 1222 2182 consuetudine
1244 2128 1408 2196 prisci
1429 2128 1549 2182 aevi
1570 2133 1883 2195 congestum
1908 2133 1990 2181 est
2013 2130 2070 2182 in
2093 2129 2345 2196 singuIOS,

344 2197 489 2265 quod
523 2212 630 2250 non
664 2196 822 2250 unius
857 2196 1052 2249 aetatis
1087 2195 1266 2250 fuerat
1284 2236 1299 2264 ,
1350 2197 1438 2250 vel
1489 2202 1755 2250 mutatum
1805 2203 1861 2250 et
1896 2197 2191 2264 expolitum
2230 2203 2347 2250 erat

344 2264 536 2320 studiis
585 2264 820 2332 plurium
868 2265 1032 2317 variis
1079 2264 1267 2319 modis.
1335 2266 1532 2319 Annon
1576 2265 1682 2319 hoc
1715 2264 1917 2318 factum
1954 2272 2037 2318 est
2070 2265 2127 2318 in
2162 2265 2346 2319 Minoe

342 2333 605 2400 Cretensi,
643 2332 698 2385 in
728 2332 998 2400 Lycurgo,
1023 2332 1152 2385 item
1189 2333 1244 2386 in
1268 2333 1423 2387 Mose
1438 2334 1465 2386 ?
1502 2333 1787 2400 Scripsisse
1822 2340 2002 2387 autem
2037 2333 2197 2400 vulgo
2235 2347 2346 2386 cre-

348 2401 614 2456 debantur
647 2401 726 2454 illi
762 2416 962 2469 omnes,
999 2416 1098 2454 nec
1136 2400 1350 2456 clariori
1386 2401 1494 2455 luci
1526 2401 1784 2456 historiae
1821 2401 2084 2455 cedebant
2118 2400 2346 2454 fabulae.

345 2470 433 2524 Ita
485 2469 729 2524 Clemens
775 2469 968 2529 Strom,
1023 2469 1066 2522 I.
1114 2485 1167 2536 p.
1205 2473 1320 2524 309.
1374 2471 1441 2523 A.
1479 2470 1729 2532 Zaleuoe,
1772 2471 1939 2536 primo
1984 2473 2150 2536 leyum
2195 2471 2348 2521 latori

343 2538 588 2607 (proprie
625 2538 701 2590 sic
737 2538 979 2617 appellat
1017 2553 1156 2606 eum,
1193 2538 1286 2605 qui
1321 2538 1526 2606 primus
1562 2538 1877 2606 scripserat:
1925 2538 2134 2606 priores
2168 2537 2347 2605 potius

344 2605 662 2659 educatores
697 2605 891 2659 civium
930 2621 1146 2659 suorum
1183 2613 1239 2659 et
1274 2606 1641 2660 moderatores
1676 2606 1891 2659 fuerant
1906 2611 1941 2673 t)
1976 2606 2214 2660 Minoem
2250 2605 2348 2657 tali

347 2674 506 2728 modo
545 2674 784 2742 apponit,
809 2679 872 2726 ut
905 2675 952 2728 is
988 2678 1020 2729 7
1046 2675 1277 2728 saeculis
1296 2682 1422 2728 ante
1447 2690 1560 2728 rem
1585 2673 1809 2728 eandem
1833 2674 2026 2728 fecisse
2051 2674 2347 2727 censendus

346 2743 432 2795 sit.
492 2741 680 2810 Neque
707 2742 969 2796 Clementi
1006 2747 1196 2797 auctor
1231 2744 1319 2796 lon
1360 2759 1389 2796 e
1415 2743 1753 2811 quaerendus
1778 2750 1909 2796 erat.
1964 2743 2104 2798 Nam
2129 2743 2184 2796 in
2206 2741 2346 2795 Dial.

344 2810 622 2865 Platonico
669 2826 721 2879 p.
759 2814 878 2865 320.
915 2811 973 2865 C.
1020 2811 1217 2864 diserte
1268 2812 1338 2864 tri
1376 2818 1578 2865 uuntur
1610 2812 1782 2866 Minoi
1831 2813 1978 2874 νόμοι
2022 2812 2081 2861 ἐν
2124 2811 2349 2882 χαλκοῖς

345 2879 736 2948 γραμματείοις
768 2882 1156 2948 γεγραμμένοι.
1230 2880 1335 2945 Qui
1371 2880 1545 2946 locus»,
1606 2880 1787 2934 nescio
1837 2880 2133 2947 quomodO,
2185 2881 2347 2931 etiam

349 2952 655 3000 nostrorum
689 2954 993 3016 temporum
1029 2947 1347 3002 doctissimis
1364 2949 1493 3002 viris
1511 2948 1691 3003 fraudi
1713 2948 1833 3015 fuit,
1870 2964 2033 3015 quum
2052 2947 2347 3001 simillimus

347 3016 404 3068 in
455 3014 642 3069 eodem
691 3016 950 3094 opusculo
1001 3016 1141 3069 alius
1175 3017 1439 3070 neminem
1476 3016 1838 3071 commoverit.
1909 3016 2124 3069 Scilicet
2159 3015 2347 3069 eodem

340 3088 482 3137 teste
506 3085 788 3152 tragoedia
823 3100 893 3137 ex
917 3083 1200 3151 Thespidis
1237 3090 1293 3138 et
1315 3085 1605 3153 Phrynichi
1641 3090 1819 3138 aetate
1857 3084 1927 3138 ad
1944 3084 2143 3137 Minois
2177 3090 2347 3136 retra-

340 3150 521 3205 henda
556 3159 674 3206 erat
710 3159 765 3205 et
799 3152 1130 3206 illudendum
1164 3153 1230 3206 iis
1265 3153 1526 3220 omnibuS‚
1565 3154 1657 3221 qui
1680 3154 1974 3208 Homerum
2009 3153 2178 3205 multo
2214 3151 2346 3203 anti·

338 3219 589 3342 guiorem
625 3221 904 3288 tragoedia
928 3220 1186 3274 fecerunt.
1255 3223 1333 3274 At
1356 3221 1550 3276 doctus
1573 3223 1964 3276 Grammaticus
1986 3217 2347 3288 Apollodorus

389 3288 479 3342 ibl.
498 3289 599 3356 ΠΙ,
640 3295 684 3357 1,
720 3294 768 3343 2.
805 3290 1045 3344 Minoem
1079 3295 1312 3343 testatur
1343 3292 1559 3360 γράψαι
1595 3291 1806 3354 νόμους.
1858 3290 1946 3344 Sic
1981 3287 2166 3342 scribit
2202 3301 2347 3353 sane,

338 3373 451 3410 non
484 3363 748 3425 testatur3
784 3358 1012 3412 fortasse
1048 3373 1115 3410 ne
1152 3358 1381 3412 credidit
1439 3359 1636 3413 uidem.
1696 3359 1935 3412 Utuntur
1956 3357 2060 3410 hac
2079 3355 2346 3409 locutione

338 3425 497 3478 multi
543 3425 608 3479 de
655 3425 773 3494 ipso
809 3426 1088 3495 Lycurge,
1143 3441 1302 3493 quem
1353 3429 1405 3481 n'
1449 3428 1488 3481 il
1541 3428 1798 3496 scriptum
1834 3425 2111 3493 reliquisse
2151 3424 2347 3477 clamat

343 3494 515 3548 omnis
547 3494 858 3563 antiquitas.
