2734 4000
1273 297 1342 309 -—
1405 268 1627 326 172-

348 432 427 475 200
452 426 747 493 receptum
786 420 1073 493 hodieque
1111 422 1321 494 placet,
1363 424 1426 478 et
1451 419 1525 479 ab
1552 420 1784 494 optimis
1811 421 2229 494 interpretibus
2255 422 2460 482 defeu-

453 496 611 556 ditur
622 496 716 570 71).
794 497 1060 570 Denique
1119 495 1403 569 quomodo
1456 512 1520 555 se
1559 499 1830 556 tractarit
1866 498 1927 556 iu
1965 500 2140 557 variis
2182 500 2455 572 partibus

344 590 359 605 ·
451 575 635 633 critici
674 576 953 642 muneris,
1021 574 1175 646 quod
1216 575 1393 633 etiam
1445 574 1504 631 in
1544 573 1802 633 Hesiodo
1843 583 2211 649 susceperat,
2262 578 2456 636 minus

451 652 810 724 exploratum
865 651 1142 711 habemus
1200 658 1443 725 propter
1501 652 1856 725 paucitatem
1920 653 2124 711 talium
2185 655 2457 726 specimi-

450 727 687 794 num'12).
767 728 884 788 Sed
924 728 1191 800 equidem
1230 730 1343 787 non
1383 728 1553 800 plura
1580 730 1946 801 quaesierim,
1988 735 2054 788 ut
2079 747 2327 804 pravum
2354 731 2456 791 ho-

449 805 616 863 minis
658 821 897 864 acumen
937 807 1114 864 mirer
1152 811 1214 864 et
1250 803 1540 864 indoctam
1578 807 1986 865 temeritatem.

1172 1177 1553 1262 PARS
1616 1179 1724 1261 II.

1425 1345 1481 1418 I.

449 1482 586 1564 Iam
611 1507 719 1579 his,
747 1523 894 1578 quae
922 1508 1199 1566 hactenus
1229 1509 1520 1582 disputavi
1547 1510 1618 1568 de
1646 1507 2165 1580 conversionibusl)
2195 1513 2256 1567 et
2281 1508 2452 1566 vicis-

450 1584 796 1642 situdinibus
835 1590 1026 1642 textus
1067 1584 1388 1658 Homerici,
1439 1586 1626 1659 deque
1667 1585 1920 1644 fontibus
1960 1586 2251 1643 variarum
2291 1586 2447 1656 ejus-
2537 1592 2544 1599 “

450 1676 560 1732 que
602 1661 1092 1734 scripturarum2),
1134 1663 1228 1721 via
1266 1662 1566 1736 patefacta
1592 1664 1822 1722 videtur
1863 1662 1937 1720 ad
1978 1663 2224 1720 alterum
2266 1667 2443 1734 caput

447 1737 618 1808 hujus
660 1737 1092 1811 disquisitionis,
1132 1740 1191 1796 in
1231 1757 1342 1812 quo
1384 1741 1554 1812 hujus
1597 1739 1943 1798 emendandi
1969 1740 2196 1810 generis
2224 1756 2445 1797 summa

451 1819 512 1872 et
548 1814 906 1886 potissima³)
946 1823 1263 1890 praecepta
1302 1823 1360 1875 et
1403 1818 1666 1890 exempla
1726 1814 2123 1890 proponam4),
2211 1816 2447 1873 Etenim

450 1896 608 1949 recte
661 1898 750 1950 est
789 1909 824 1950 a
862 1892 1121 1965 pluribus
1175 1893 1528 1953 admonitum
1539 1895 1562 1933 ⁵
1569 1906 1588 1965 )
1604 1939 1619 1966 ,
1672 1894 1910 1952 criticae
1963 1893 2106 1951 artis
2155 1893 2439 1951 rationem

451 1968 792 2043 scriptorum
844 1970 1125 2029 varietate
1179 1971 1539 2044 ingeniorum
1580 1977 1639 2030 et
1677 1971 2078 2043 materiarum,
2131 1971 2191 2027 iu
2231 1969 2438 2041 quibus

452 2046 740 2118 elaboret,
801 2047 984 2120 ipsam
1048 2065 1274 2120 quoque
1334 2050 1549 2107 variari
1606 2050 1918 2120 multisque
1970 2047 2154 2107 modis
2207 2047 2435 2105 mutari.

455 2123 739 2194 Quantam
787 2141 923 2183 vero
972 2125 1301 2197 putabimus
1345 2125 1743 2184 diversitatem
1784 2141 1912 2183 esse
1941 2129 2208 2197 oportere
2237 2125 2297 2180 in
2323 2124 2440 2183 Ho-

449 2216 606 2259 mero
620 2199 697 2272 6),
758 2201 854 2272 qui
912 2218 1026 2260 non
1086 2203 1268 2261 solum
1330 2204 1456 2276 ipse
1507 2203 1929 2261 diversissimus
1982 2207 2073 2260 est
2121 2218 2158 2259 a
2206 2201 2444 2272 reliquis

586 2370 657 2434 ⁷1)
689 2368 828 2423 Vide
862 2369 942 2422 br.
980 2369 1151 2424 Schol.
1189 2368 1259 2423 ad
1293 2369 1481 2437 Odyss
1520 2389 1569 2421 a.
1606 2374 1732 2423 320.
1761 2353 1881 2423 coll.
1916 2368 2094 2436 Etym.
2131 2368 2204 2421 M.
2231 2384 2285 2436 p.
2317 2372 2437 2423 111.

448 2442 531 2493 21.
567 2436 741 2492 801101.
778 2437 848 2492 ad
874 2456 931 2510 χ.
972 2443 1083 2492 188.
1122 2443 1179 2492 et
1211 2437 1461 2493 Eustath.
1500 2455 1552 2506 p.
1596 2442 1743 2494 1924.
1785 2443 1865 2492 11.
1902 2445 2003 2491 etc.

453 2593 465 2605 ·
538 2592 550 2605 .
584 2524 656 2589 ⁷²)
676 2523 975 2604 ‘Lectiones
1010 2523 1081 2576 Cr
1114 2563 1128 2591 ,
1184 2539 1320 2593 quae
1356 2529 1539 2576 tamen
1574 2539 1682 2576 non
1718 2528 1843 2578 sunt
1879 2538 2061 2577 omnes
2096 2522 2434 2576 coniecturae

449 2591 1004 2715 ffissssuss’essssacstfflffl’
1018 2590 2223 2726 2353&.³{5}F{¹2³·efflagitatis¹2
2246 2594 2446 2712 {affl

448 2747 504 2794 μ.
539 2734 621 2784 25.
658 2729 717 2781 ἓν
755 2728 813 2782 δ’
849 2729 1000 2799 ἦμαρ
1037 2729 1124 2787 (de
1150 2744 1255 2796 quo
1279 2745 1329 2781 v.
1357 2744 1473 2796 sup.
1500 2744 1584 2796 cp.
1610 2719 1788 2781 XLIV
1813 2734 1923 2780 not.
1946 2731 2031 2781 85.
2056 2742 2141 2780 me
2185 2731 2216 2790 ,)
2242 2746 2299 2796 φ.
2324 2730 2438 2781 322.

451 2798 756 2869 τυμβοχόης
800 2812 899 2865 pro
935 2796 1079 2850 infin.
1131 2796 1473 2867 τυμβοχοῆσ’
1524 2804 1618 2850 aut
1663 2795 1882 2863 vulgato
1919 2795 2229 2865 τυμβοχοῆς
2252 2835 2265 2857 ,
2320 2800 2435 2850 558.

449 2865 655 2937 Ἶδήὶὶιν,
693 2881 829 2934 quae
866 2865 1046 2918 forsan
1070 2865 1274 2933 optima
1298 2871 1380 2918 est
1405 2865 1657 2932 omnium,
1740 2904 1751 2916 .
1775 2869 1894 2919 361.
1918 2868 2194 2931 μεμνοῖτο,
2232 2886 2297 2917 ω.
2322 2868 2438 2918 253.

449 2935 732 3005 κατηφέες,
767 2933 938 3001 Odyss
986 2951 1037 3002 γ.
1060 2938 1162 2989 293
1216 2930 1471 3013 Βλισσῇν,
1495 2934 1543 2985 λ.
1576 2938 1652 2986 14.
1730 2932 2005 3000 ερβερίων
2032 2949 2085 3000 p.
2113 2927 2442 3001 Κιμμεριων.

451 3003 601 3060 Conf.
639 3002 831 3057 Scholl.
870 3009 926 3055 et
960 3001 1140 3070 Intpp.
1176 3000 1246 3056 ad
1280 3001 1500 3055 Hemod.
1524 2998 1671 3069 Ἐργ.
1707 3005 1824 3056 530.
1862 3001 2070 3068 Theog.
2111 3004 2223 3055 142.

586 3090 633 3157 1)
679 3086 1079 3142 mutationibus,
1283 3087 1330 3156 2)
1378 3085 1715 3141 lectionibus.
1922 3088 1967 3152 3)
2015 3086 2244 3154 potiora.

447 3158 494 3223 4)
531 3173 635 3227 quo
673 3154 990 3210 emendandi
1024 3156 1166 3211 illius
1202 3171 1396 3210 causae
1434 3161 1489 3209 et
1512 3155 1767 3223 propriae
1791 3154 2028 3208 rationes
2051 3154 2269 3208 summis
2294 3169 2448 3222 prae-

451 3226 623 3294 ceptis
669 3224 1034 3293 exemplisque
1082 3224 1430 3278 illustrandae
1467 3231 1592 3277 sunt
1627 3223 2047 3303 persequendae.
2254 3225 2302 3290 5)
2339 3223 2448 3275 ani·

449 3293 800 3347 madversum.
1008 3295 1055 3362 6)
1102 3299 1157 3346 et
1192 3291 1447 3346 Hesiodo.
1518 3290 1786 3346 Hesmdus
1832 3289 2046 3359 ingenio
2083 3290 2308 3344 inferior
2340 3291 2448 3344 Ho-

448 3378 615 3429 mero,
649 3368 840 3415 auctor
875 3361 1044 3414 ἔπεων
1084 3369 1140 3415 et
1175 3361 1424 3416 carminis
1460 3360 1799 3414 admonitorii
1834 3375 1940 3427 quo
1976 3358 2233 3438 sapientis
2256 3374 2450 3412 nomen

450 3435 726 3483 assecutus
763 3436 872 3493 est3
906 3438 963 3483 at
999 3445 1213 3483 carmen
1248 3429 1474 3481 multum
1511 3428 1665 3482 abest
1700 3428 1767 3481 ab
1803 3433 1919 3481 arte
1945 3426 2159 3481 semoris
2183 3427 2448 3494 poematis

450 3512 552 3550 nec
585 3496 750 3549 habet
785 3496 1122 3564 complexum
1158 3503 1574 3564 praeceptorum
1608 3496 1926 3550 certioribus
1948 3494 2143 3549 finibus
2164 3494 2446 3550 inclusum.
