2734 4000
1153 178 1517 236 ..γο-

236 338 317 381 11⁶
342 333 485 396 Feci
512 330 745 405 quidem
772 336 834 390 et
856 331 985 405 ipse
1010 338 1315 402 utrumque
1342 347 1449 405 pro
1477 332 1630 390 virili
1655 337 1843 406 parte,
1885 333 2088 392 sedulo
2116 350 2344 408 cavenS,

342 429 418 472 ne
468 406 608 481 quid
654 407 796 466 mihi
846 407 1267 467 dissimularem
1314 414 1419 467 aut
1463 407 1675 482 cupide
1725 425 1991 482 agerem3
2039 408 2146 468 sed
2199 409 2345 469 haec

343 486 719 560 complurium
755 490 821 543 et
859 484 1089 544 diversa
1130 484 1225 543 via
1262 484 1713 558 ingredientium
1751 486 1960 551 studiis
2002 485 2179 560 digna
2205 503 2346 547 cura

344 672 574 731 duorum
609 684 935 724 summorum
969 667 1243 723 hominum
1266 669 1643 723 auctoritatem
1667 669 1859 724 afferre
1883 685 2116 740 possum,
2153 672 2223 726 Is.
2249 672 2346 726 Ca-

345 739 570 796 suuboni
599 744 659 792 et
694 737 759 792 R.
796 736 1048 805 Bentleii,
1084 737 1140 791 in
1175 752 1403 806 quorum
1438 737 1651 806 scriptis
1684 754 1794 792 non
1829 738 2081 807 ambigua
2115 739 2346 807 vestigia

344 813 558 863 exstant
594 804 833 860 eiusdem
868 821 900 859 o
939 805 1148 860 inionis.
1219 805 1286 859 In
1320 803 1625 860 casauboni
1661 807 1874 875 scriptis
1906 807 2066 876 phu-a
2101 813 2227 862 sunt
2277 807 2344 862 cf.

345 877 387 932 C
428 915 440 931 .
475 874 711 930 XXXIX
743 873 1426 940 242380nt1eiiunum
1462 874 1637 929 estin
1669 875 1857 944 primis
1884 875 2094 945 insigne
2129 876 2245 929 inli
2285 891 2344 930 ro

345 892 607 1000 adversus
640 941 906 998 Collinum
953 941 1163 1010 anglice
1218 941 1448 1010 scripto:
1509 943 1760 996 Romae-ko
1804 962 1947 1010 upon
1996 963 2031 997 a
2077 947 2179 997 late
2214 946 2343 996 Dis-

346 1029 527 1068 counc
561 1012 619 1075 of
654 1010 1049 1078 Fracthinkiw,
1101 1012 1160 1062 in
1210 1029 1245 1063 a
1279 1011 1452 1063 Lmer
1499 1021 1551 1062 to
1597 1012 1668 1066 N.
1705 1013 1774 1066 N.
1827 1014 1889 1080 by
1938 1013 2346 1066 Philoleutherm

347 1082 419 1133 Li
453 1081 652 1147 aiensis,
695 1077 850 1132 cuius
884 1078 1111 1146 primam
1129 1078 1256 1133 edit.
1278 1079 1412 1133 1713
1455 1084 1512 1132 et
1534 1080 1817 1147 septimam
1845 1081 1990 1137 1737.
2015 1096 2147 1149 prae
2172 1081 2347 1135 oculis

345 1099 537 1204 hasseo.
605 1147 673 1203 In
707 1153 940 1215 utraque
972 1147 1165 1201 harum
1200 1145 1391 1201 iisdem
1426 1147 1606 1201 verbis
1641 1151 1691 1217 ξ.
1725 1146 1848 1202 VII.
1895 1148 2034 1203 haec
2068 1149 2346 1218 leguntur:

347 1218 543 1270 Homer
792 1234 829 1266 a
870 1216 1040 1282 ecqud
1075 1218 1134 1281 ot
1177 1215 1344 1283 Sonyae
1391 1222 1499 1266 and
1535 1216 1881 1285 Rhapsodieae,
1928 1227 1975 1269 to
2025 1220 2081 1271 bc
2115 1235 2247 1286 sunq
2285 1222 2345 1284 by

348 1286 551 1347 himself
609 1302 671 1339 er
702 1284 850 1337 mall
886 1285 1134 1350 contingo
1167 1285 1278 1336 and
1308 1284 1442 1350 qood
1476 1285 1641 1348 eluet,
1676 1295 1733 1337 at
1769 1285 2023 1338 Festival·
2057 1287 2168 1338 and
2201 1286 2348 1337 other

348 1353 481 1421 days
515 1353 579 1417 of
602 1352 927 1415 Mau-imma
962 1352 1042 1405 tlte
1063 1351 1209 1404 Iliad
1241 1352 1301 1404 ke
1333 1352 1484 1404 made
1518 1356 1601 1408 for
1634 1354 1718 1406 the
1739 1354 1885 1416 Mon,
1924 1355 2036 1406 and
2070 1355 2149 1406 the
2178 1353 2345 1421 Odys-

346 1426 446 1474 oei·
478 1422 567 1479 for
600 1421 678 1474 the
711 1421 852 1475 other
876 1420 995 1473 Sex.
1075 1419 1279 1473 These
1313 1422 1488 1473 loono
1525 1423 1736 1489 Sonqe
1769 1439 1936 1475 were
1970 1431 2079 1474 not
2118 1422 2348 1474 collec-

350 1490 456 1542 ted
504 1488 807 1557 toqether
849 1489 918 1540 in
954 1489 1281 1546 thahu-m
1315 1489 1393 1545 of
1417 1507 1498 1540 an
1535 1489 1704 1554 Epic
1741 1491 1962 1552 Pocm,
2010 1490 2122 1541 tin
2154 1490 2348 1541 about

349 1559 457 1611 500
504 1573 700 1627 years
757 1559 953 1620 atter.
1024 1554 1167 1622 Quid
1219 1554 1416 1609 clarius
1475 1562 1558 1610 est
1590 1556 1738 1611 hisce
1777 1557 1997 1611 verbis?
2065 1556 2256 1626 anue
2293 1564 2349 1610 et

351 1625 483 1680 satis
516 1623 752 1693 cogitate
786 1623 1005 1693 scripta,
1038 1638 1141 1678 nec
1174 1623 1364 1679 ardore
1402 1624 1731 1746 Qu&
1765 1625 1897 1679 elisa
1920 1641 2053 1694 esse,
2090 1641 2161 1679 ex
2183 1625 2350 1680 totius

350 1692 458 1748 loci
501 1697 759 1749 contextu
802 1698 1046 1760 apparet.
1118 1691 1310 1761 Neque
1357 1697 1540 1746 tamen
1627 1708 1726 1747 aec
1769 1693 2034 1762 professio
2086 1693 2346 1762 principis

343 1761 688 1828 criticorum,
722 1766 833 1815 tam
869 1776 903 1839 a
933 1766 1062 1840 ‘orta
1095 1761 1710 1840 tamquamemqrabilis
1782 1768 1970 1830 ropter
2002 1763 2179 1831 ipsum
2213 1767 2346 1815 tem·

343 1826 920 1977 wiffam&
950 1834 1558 1977 {251152201'33332123'3
1588 1829 2347 1966 ἷῖἒέιῡὲιῗοέἒέἷιῗῗέωἷὲἷζ

354 1981 451 2021 seu
485 1965 629 2036 quod
664 1964 852 2036 multis=
882 1973 1085 2021 temere
1120 1972 1264 2021 iacta
1297 1964 1606 2034 videbatur,
1656 1965 1723 2021 ab
1773 1965 1881 2022 ullo
1929 1967 2045 2021 viro
2082 1966 2242 2022 docto
2279 1965 2349 2019 ad

354 2034 796 2103 disceptationem
848 2041 1042 2089 vocata
1087 2041 1196 2102 est3
1240 2034 1402 2088 immo
1451 2049 1485 2087 a
1528 2034 1798 2103 plerisque
1833 2035 2050 2104 penitus
2085 2035 2348 2103 neglecta,

353 2109 416 2159 ut
448 2118 484 2157 a
516 2102 741 2158 Moneta
773 2103 845 2159 ad
878 2102 1165 2158 Bailletum
1200 2103 1261 2157 T.
1297 2102 1398 2157 111.
1434 2102 1493 2156 P.
1513 2103 1559 2156 1.
1595 2118 1648 2171 p.
1673 2106 1808 2171 277„
1842 2103 2095 2158 Hedelini
2129 2118 2349 2160 caecum

353 2172 615 2240 impetum
647 2178 900 2227 narrante
955 2171 1023 2226 ab
1060 2171 1196 2239 aliis,
1233 2177 1295 2225 ut
1330 2187 1365 2225 a
1399 2170 1632 2239 Clarkio,
1667 2171 1861 2240 frigide
1897 2178 1993 2225 aut
2027 2171 2200 2226 tribus
2233 2186 2350 2224 ver-

354 2239 438 2295 bis
471 2239 798 2308 transmissa,
832 2255 868 2294 a
901 2212 1085 2308 l’opiis
1118 2239 1255 2295 adeo
1292 2238 1471 2294 derisa
1505 2238 1749 2294 fortasse.
1806 2241 1883 2293 At
1916 2240 2034 2307 ipse
2059 2239 2350 2317 Bentleius,

393 2308 450 2364 ui
497 2308 763 2362 senectuti
807 2323 936 2363 suae
987 2308 1230 2363 criticam
1265 2307 1634 2362 recensionem
1669 2308 1893 2362 Homeri
1926 2313 2260 2376 seposuerat,
2294 2323 2352 2360 m

347 2324 466 2439 312,
500 2374 557 2429 id
590 2375 736 2444 quod
768 2391 838 2431 ex
873 2375 1189 2445 quibusdam
1222 2375 1435 2430 indiciis
1467 2374 1679 2444 colligo,
1710 2376 1838 2431 huic
1870 2377 1950 2430 rei
1985 2391 2055 2430 ex
2082 2376 2353 2430 ‘industria

354 2444 530 2500 lucem
565 2443 789 2499 daturus
824 2451 955 2499 erat.
1015 2443 1361 2525 Quapropter
1376 2442 1534 2500 valde
1566 2444 1746 2512 miror,
1782 2444 1932 2512 nihil,
1950 2443 2096 2513 quod
2119 2443 2191 2498 ad
2211 2444 2353 2498 hanc

393 2511 724 2567 uaestionem
759 2518 985 2580 spectet,
1021 2514 1249 2582 reperiri
1282 2513 1338 2565 in
1374 2512 1574 2567 criticis
1608 2512 1758 2567 libris
1794 2513 2110 2580 Anglorum‚
2157 2512 2251 2581 qui
2285 2512 2352 2566 de

360 2580 373 2593 ⁶
400 2580 504 2635 lius
531 2578 800 2634 -editionis
845 2580 1067 2636 consilio
1101 2581 1428 2635 mentionem
1463 2579 1685 2636 faciunt.
1754 2581 2039 2649 Digamma
2073 2580 2354 2635 Aeolicum

358 2661 482 2705 eum
517 2647 865 2703 reducturum
899 2649 1082 2717 fuisse,
1128 2648 1406 2704 Dawesius
1441 2655 1497 2702 et
1531 2649 1624 2703 alii
1658 2664 1885 2718 operose
1921 2648 2132 2704 docent.
2201 2648 2354 2702 Haec

356 2723 539 2772 autem
583 2717 822 2772 narratio
869 2716 937 2771 de
984 2717 1307 2786 digammate
1358 2716 1492 2771 mihi
1537 2732 1700 2785 saepe
1748 2716 2136 2772 dubitationem
2171 2716 2354 2771 iniecit

354 2783 503 2840 haud
537 2784 726 2853 levem,
778 2784 908 2854 quid
941 2784 1246 2840 Bentleium
1279 2784 1560 2840 conficiam
1596 2785 1663 2840 de
1699 2785 2020 2854 antiquitate
2056 2785 2354 2853 scripturae

358 2853 691 2910 Graecorum
726 2854 972 2922 sensisse,
1009 2860 1065 2908 et
1099 2854 1296 2923 quibus
1331 2855 1525 2921 causis,
1561 2854 1607 2908 si
1629 2853 1924 2908 Homerum
1958 2853 2234 2932 scripsisse
2256 2868 2354 2921 pu-

271 2939 274 2942 *
356 2921 508 2989 tarit,
539 2921 681 2976 hanc
715 2920 1022 3003 Qarminum
1058 2922 1174 2977 eius
1194 2922 1417 3002 *epicam
1453 2922 1681 2976 formam
1714 2927 1867 3001 tanto
1890 2928 2243 3001 posteriorem
2260 2936 2354 2989 po·

356 2988 2132 3138 {itinifflfflusvgffirssgfiiffleffil'ssfnss‘lssefgssffl‹1333ss
2150 2988 2356 3112 ²3¹ss

357 3126 735 3182 Cumberlandi
786 3141 995 3181 venisse
1042 3126 1294 3181 dicuntur
1338 3142 1395 3180 ιιι
1441 3127 1773 3196 Biograplua
1805 3126 2047 3181 Britann.
2086 3125 2213 3179 ed1t.
2249 3139 2391 3179 secu

357 3193 476 3250 Vol.
512 3193 583 3249 H.
620 3211 670 3263 p.
711 3198 829 3249 244.
900 3194 1051 3249 Nihil
1085 3201 1186 3263 est,
1220 3194 1287 3249 de
1324 3210 1431 3263 quo
1466 3195 1648 3263 potius
1669 3195 1904 3250 Bentleii
1938 3194 2198 3248 iudicium
2234 3207 2356 3260 cog·

357 3278 515 3317 nosse
550 3262 791 3331 cupiam:
826 3268 883 3316 et
917 3262 1038 3332 quis
1071 3278 1181 3318 non
1213 3261 1356 3317 idem
1393 3263 1592 3332 cupiat,
1629 3263 1721 3333 qui
1756 3262 2111 3318 Phalarideae
2147 3266 2357 3316 contro-

358 3331 564 3390 versiae
598 3330 829 3395 iudicem
868 3331 1012 3385 norit
1025 3335 1049 3383 ⁴?
1086 3331 1148 3385 Id
1183 3330 1412 3399 dubites,
1448 3348 1519 3385 an
1541 3330 1685 3385 illius
1709 3331 2070 3386 emendationi
2091 3331 2358 3385 Homerus

357 3403 567 3454 tantum
602 3398 882 3454 debiturus
915 3398 1125 3466 fuisset,
1164 3405 1423 3468 quantum
1458 3400 1716 3455 Horatius
1752 3399 1915 3455 debet
1950 3406 2006 3452 et
2041 3398 2257 3453 Comici.
