2734 4000
1139 562 1520 647 PARS
1610 563 1674 643 I.

1224 790 1235 797 ’
1309 795 1520 872 VIII.
1577 902 1608 927 x

530 932 653 989 Iam
692 932 944 1004 primum
979 933 1186 992 subeat
1223 933 1423 992 mirari
1437 977 1452 1007 ‚
1494 948 1615 1006 cur,
1657 948 1831 1004 quum
1871 936 1991 989 tam
2032 947 2165 991 raro
2205 932 2265 989 in
2302 931 2422 990 Ho-

416 1023 575 1068 mero
617 1009 887 1080 graviora
925 1010 1068 1069 vitia
1107 1010 1416 1083 offendant,
1456 1015 1681 1068 tantum
1720 1015 1916 1067 tamen
1956 1024 2171 1081 operae
2211 1008 2271 1066 in
2300 1025 2424 1068 cor-

412 1086 669 1143 rectione
711 1086 836 1143 eius
871 1087 1200 1159 ponendum
1226 1093 1495 1146 statuam.
1573 1086 1943 1159 Apollonium
1968 1085 2260 1144 Rhodium
2287 1102 2417 1143 con-

417 1161 611 1234 tende,
652 1162 936 1234 quomodo
980 1170 1114 1222 ante
1140 1164 1496 1222 Brunckium
1522 1163 1845 1235 legebatur,
1885 1163 1977 1219 vel
2007 1161 2205 1233 Quinti
2233 1161 2424 1234 Smyr-

414 1238 547 1297 naei
591 1240 765 1297 etiam
804 1255 956 1297 nunc
994 1240 1436 1299 mendosissima
1477 1239 1860 1312 exemplaria3
1901 1254 2039 1296 sane
2066 1255 2179 1298 non
2206 1240 2423 1310 poterit
2529 1288 2554 1300 e

412 1319 502 1373 tot
542 1316 788 1373 saeculis
832 1317 1123 1388 antiquior
1172 1322 1336 1376 vates
1387 1333 1502 1376 non
1558 1322 1617 1375 et
1669 1316 2076 1388 integerrimus
2127 1314 2312 1373 videri
2364 1322 2424 1374 et

415 1391 937 1450 emendatissimus.
1015 1392 1096 1451 At
1136 1394 1364 1464 qualem
1394 1394 1685 1465 integrum
1713 1393 1925 1451 librum
1954 1392 2194 1450 dicimus
2222 1393 2424 1452 critico

414 1468 652 1543 quidem,
689 1470 902 1526 sensu?
981 1469 1157 1528 Haud
1197 1486 1328 1528 eum
1367 1468 1648 1543 profecto,
1689 1470 1789 1542 qui
1815 1468 2032 1541 absque
2060 1468 2278 1527 offensa
2305 1469 2423 1541 legi

413 1545 618 1618 possit,
665 1550 724 1603 et
762 1545 823 1602 in
864 1561 976 1615 quo
1016 1546 1159 1604 nihil
1200 1550 1277 1605 sit
1317 1548 1574 1618 eleganti
1614 1545 2016 1605 consuetudini
2055 1548 2333 1605 sermonis
2365 1552 2424 1604 et

412 1621 653 1693 reliquis
694 1627 855 1680 recte
895 1622 1206 1681 scribendi,
1223 1623 1451 1695 legibus
1503 1624 1869 1682 contrarium.
1949 1622 2031 1681 Ut
2080 1622 2225 1680 nihil
2273 1622 2425 1681 eius-

411 1697 570 1756 modi
611 1698 687 1755 sit
725 1698 786 1754 in
826 1698 1061 1771 vulgato
1102 1705 1295 1772 texta,
1336 1716 1452 1758 non
1492 1700 1760 1758 continuo
1801 1716 1907 1772 pro
1947 1715 2093 1772 puro
2136 1704 2196 1757 et
2235 1715 2423 1758 emen·

414 1773 552 1833 dato
608 1774 944 1833 habendus.
974 1776 1116 1849 erit3
1180 1777 1352 1836 immo
1404 1792 1807 1848 nonnunquam
1860 1776 1934 1834 ob
1985 1776 2045 1833 id
2094 1776 2312 1849 ipsum,
2374 1776 2424 1834 si

414 1851 697 1909 eiusmodi
747 1852 889 1910 nihil
928 1853 1093 1926 insit,
1148 1859 1312 1912 tanto
1361 1854 1548 1925 magis
1603 1869 1880 1925 germana
1923 1853 2268 1924 integritate
2319 1869 2426 1911 sua

415 1926 720 1986 fraudatus
764 1944 893 1987 esse
933 1929 1216 1988 videatur.
1295 1931 1427 1989 Non
1468 1929 1668 1988 dubito
1708 1927 1861 2003 fore,
1919 1930 2018 2002 qui
2056 1930 2164 1989 hoc
2216 1929 2425 1988 subab-

411 2006 586 2064 surde
641 2005 759 2064 dici
812 2007 1137 2081 opinentur.
1227 2008 1344 2067 Sed
1397 2007 1446 2065 si
1495 2013 1716 2066 textum
1768 2006 2114 2079 scriptorum
2163 2012 2423 2065 veterum

410 2098 590 2157 supra
626 2088 787 2141 recte
826 2083 1004 2141 retuli
1042 2084 1119 2143 ad
1143 2088 1433 2156 sactorum
1470 2086 1849 2139 historicorum
1881 2083 2314 2156 spectationem,
2356 2083 2415 2140 in

334 2178 384 2218 25
414 2174 485 2219 eo
526 2160 932 2219 constituendo
973 2161 1189 2219 nullam
1229 2161 1483 2234 speciem
1523 2159 1952 2234 probabilitatis
1996 2175 2067 2218 ex
2107 2175 2281 2218 sensu
2310 2160 2425 2218 ele-

420 2237 655 2310 gantiae
696 2236 927 2296 ductam
943 2282 958 2309 ,
1015 2253 1214 2295 verum
1253 2237 1438 2311 proba
1478 2243 1539 2296 et
1589 2237 1732 2296 satis
1784 2237 2022 2308 antiqua
2072 2237 2424 2310 exemplaria

411 2314 801 2388 principatum
853 2313 1070 2373 habere
1123 2330 1362 2373 necesse
1415 2319 1523 2373 est.
1602 2313 1809 2385 Longe
1859 2318 2052 2371 autem
2104 2314 2262 2371 aliud
2316 2319 2424 2385 est,

410 2393 471 2448 in
530 2390 878 2464 optimorum
936 2391 1174 2449 testium
1224 2389 1338 2449 fide
1390 2389 1710 2464 spectanda
1753 2391 1916 2462 leges
1955 2390 2234 2449 historiae
2296 2405 2425 2448 con-

409 2469 654 2540 iungere
695 2483 825 2525 cum
865 2484 977 2525 usu
1013 2467 1264 2540 linguae,
1309 2485 1438 2527 cum
1476 2483 1670 2526 rerum
1715 2465 1981 2525 doctrina
2028 2471 2204 2538 atque
2251 2481 2425 2524 sensu

410 2543 668 2617 pulchri3
709 2543 868 2602 aliud
884 2588 899 2615 ,
940 2544 1050 2603 hoc
1087 2546 1336 2605 volatico
1379 2560 1552 2603 sensu
1590 2549 1870 2615 tanquam
1910 2543 2141 2601 ventulo
2183 2542 2422 2616 impelli,

413 2625 496 2693 ut,
537 2636 914 2693 quaecunque
954 2620 1128 2681 lectio
1167 2626 1412 2681 venusta
1453 2626 1513 2679 et
1551 2620 1853 2680 commoda
1903 2619 2210 2679 obiiciatur
2223 2664 2238 2692 ,
2290 2635 2423 2679 ean-

412 2697 546 2756 dem
591 2712 786 2756 veram
829 2704 890 2756 et
929 2713 1262 2770 germanam
1309 2714 1439 2757 esse
1489 2696 1810 2759 credamus,
1893 2696 2082 2769 Saepe
2136 2696 2286 2754 enim
2335 2711 2425 2754 se-

410 2773 638 2834 veriore
679 2774 913 2847 iudicio,
954 2774 1107 2846 quod
1147 2791 1184 2834 a
1209 2776 1649 2834 veter-rimarum
1676 2774 2087 2853 auctoritatum
2116 2772 2427 2833 collatione

410 2849 737 2910 ducendum
779 2856 898 2925 est,
947 2852 1120 2925 plane
1162 2850 1435 2925 efficitur,
1490 2867 1561 2910 ea
1600 2867 1797 2910 omnes
1838 2866 2105 2910 numeros
2157 2850 2424 2909 veritatis

407 2927 644 3002 habere,
707 2929 767 2986 in
831 2928 1062 3000 quibus
1096 2928 1381 2988 maximae
1420 2928 1673 2988 offensae
1724 2928 1872 3001 sint,
1922 2927 2043 2986 alia
2092 2931 2286 2986 autem
2339 2927 2426 2984 in-

409 3010 606 3064 certae
656 3010 759 3065 aut
805 3004 1018 3063 nullius
1071 3003 1207 3065 fidei
1249 3022 1377 3065 esse
1391 3050 1407 3079 ‚
1468 3020 1618 3077 quae
1676 3019 1959 3079 perquam
2018 3003 2307 3076 probabili
2365 3009 2427 3062 et

408 3079 617 3141 festivo
658 3097 832 3140 sensu
869 3082 1111 3141 niteant.

527 3157 679 3230 Quid
718 3174 883 3231 vero,
924 3159 975 3216 si
1013 3174 1087 3227 ne
1125 3159 1315 3218 nitent
1353 3157 1586 3232 quidem
1626 3158 1888 3232 fflgata,
1947 3156 2427 3229 quamprimo-

408 3250 538 3293 rum
574 3234 852 3295 librorum
892 3235 1196 3303 consensui
1233 3234 1656 3310 adversantffiff
1740 3233 1859 3294 Sed
1898 3234 2046 3294 nolo’
2072 3234 2269 3293 statim
2296 3234 2422 3292 eius

411 3327 642 3384 generis
684 3312 950 3387 exempla
987 3310 1277 3386 proferre,
1315 3316 1406 3385 ‘qu
1465 3329 1523 3371 1a
1561 3311 1677 3370 iam
1719 3312 1855 3371 olim
1911 3310 2224 3384 quaedam,
2275 3310 2421 3369 satis

484 3387 685 3448 avibus
714 3387 788 3448 de
816 3389 1025 3463 causis,
1052 3394 1217 3448 textu
1244 3389 1419 3461 eieci3
1456 3394 1522 3447 ut
1546 3388 1615 3447 11.
1638 3385 1701 3463 β.
1732 3395 1864 3448 451.
1894 3383 2166 3461 ἑκάστου,
2192 3406 2245 3465 η.
2287 3386 2417 3450 337.

447 3483 476 3523 ν
510 3462 723 3542 πεδίῳ,
762 3462 822 3522 θ.
854 3471 982 3527 563.
1026 3466 1207 3540 (559.)
1237 3463 1436 3537 σέλας,
1475 3485 1531 3523 κ.
1560 3471 1691 3525 328.
1727 3462 1899 3541 βάλε,
1932 3484 1994 3542 μ.
2038 3469 2169 3524 343.
2201 3458 2423 3536 Αἴαντε,
