2734 4000
1234 214 1591 268 ..50-

414 370 572 423 certe
609 364 720 424 hoc
758 365 886 423 loco
926 369 993 422 ut
1037 362 1340 455 epistolam
1394 367 1715 435 exspectes,
1754 359 1975 419 inducit
2000 359 2418 432 quodammodo

403 443 533 515 ipsa
558 457 683 512 res3
722 440 1001 499 inducunt
1031 457 1283 518 οηματας
1314 439 1468 510 (quis
1495 440 1682 497 nescit
1715 434 2011 495 Φοινικικὰ
2028 434 2254 515 σήματα
2272 436 2419 496 Κάδ-

400 519 578 595 μοοῗ)
619 517 841 581 inducit
878 514 1050 585 πίναξ
1084 512 1356 586 πτυκτός,
1413 517 1613 571 tabella
1654 517 1987 587 complicata,
2029 515 2138 587 vel,
2183 515 2234 573 si
2279 514 2420 588 quid

332 616 381 655 83
411 596 733 667 elegantius
776 595 1027 667 quaeris,
1076 595 1362 664 obeiynata
1378 590 1474 665 4⁵).
1541 591 1634 650 Ita
1671 608 1808 651 vero
1834 607 2186 665 magnopere
2211 593 2422 651 miran-

409 670 516 730 dus
572 677 700 730 erat
763 688 1077 731 consensus
1141 671 1510 742 antiquorum
1564 670 1972 763 interpretum,
2035 669 2135 761 qui
2182 669 2421 728 verbum

409 747 648 826 γράφειν
682 749 777 807 hic
815 764 1047 820 quoque
1077 748 1389 807 voluerunt
1418 762 1547 804 esse
1571 763 1895 824 χαρασσειν
1920 762 1967 803 s.
1990 742 2157 815 ξεειν,
2196 742 2422 823 σήματα

408 827 605 885 nativa
640 827 696 883 vi
733 821 949 882 εἷὸωλοὶ
990 844 1137 894 τινα,
1189 822 1401 880 πίνακα
1444 821 1693 894 denique
1730 819 1935 879 σανίδα
1971 839 2018 879 s.
2056 819 2421 899 ξυλοίριονω),

541 971 614 1036 4⁵)
650 968 737 1023 Sic
770 967 886 1020 fere
922 966 1118 1035 optimi
1156 968 1337 1035 Intpp.
1409 966 1760 1046 Francogalli
1795 966 2039 1035 plerique
2115 969 2204 1020 des
2249 971 2422 1022 lettres

406 1038 520 1090 bien
553 1038 778 1106 melleam
817 1034 1034 1103 PopiuS‚
1076 1056 1112 1088 a
1147 1036 1324 1089 scaled
1359 1036 1512 1088 tablet
1523 1055 1544 1099 ;
1580 1035 1672 1089 ahi
1708 1035 1965 1088 similiter.
2027 1007 2192 1101 Quasi
2224 1035 2423 1090 Latina

403 1104 497 1159 illa
540 1105 596 1158 in
640 1108 797 1158 textu
832 1103 1123 1158 vertissent
1159 1120 1189 1158 e
1230 1103 1491 1158 Cicerone
1573 1109 1667 1158 aut
1703 1103 2118 1171 descriptionem
2167 1104 2422 1172 plicatilis

403 1172 620 1227 tabulae
668 1172 1021 1240 sumpsissent
1067 1188 1136 1226 ex
1170 1171 1465 1226 Herodian.
1502 1145 1642 1226 hist.
1678 1172 1722 1240 Ι,
1765 1172 1843 1227 17.
1861 1211 1875 1240 ,
1922 1170 2069 1240 apud
2105 1187 2263 1240 quem
2302 1171 2420 1240 VII,

403 1245 453 1295 6.
490 1241 718 1301 πυκτοὺς
741 1242 966 1299 πίνακας
989 1240 1289 1295 Politianus
1311 1239 1450 1294 bene
1486 1241 1651 1294 vertit
1688 1243 1887 1294 litteras
1911 1242 2213 1307 obsiqnatas.
2277 1239 2422 1294 Num

407 1309 571 1363 etiam
605 1309 799 1363 Pollux
836 1308 1134 1363 audiendus
1171 1309 1276 1363 erit
1310 1308 1391 1362 IV
1448 1312 1545 1377 18.,
1583 1308 1677 1363 ubi
1713 1309 1768 1362 in
1803 1324 1912 1362 una
1936 1308 2074 1362 serie
2094 1324 2214 1362 cum
2238 1323 2421 1362 recen-

406 1377 634 1432 tioribus
682 1377 999 1448 τριπτύχοις
1053 1382 1109 1430 et
1157 1349 1523 1448 πολυπτύχοις
1576 1377 1920 1431 Homericum
1970 1377 2164 1429 πίνακα
2213 1374 2372 1430 affert
2392 1376 2420 1428 ?

408 1445 552 1500 Num
588 1445 844 1514 Tragici?
906 1444 1052 1512 apud
1089 1461 1224 1513 quos
1259 1445 1520 1514 leguntur
1561 1446 1810 1509 σανίδες,
1858 1445 2087 1525 πτυχαί,
2137 1445 2330 1498 διαπτυ
2367 1445 2423 1496 αὶ

405 1514 765 1584 γραμμάτων,
800 1518 863 1568 ut
898 1528 984 1580 ap.
1021 1512 1355 1582 Euripidem,
1410 1519 1525 1567 tum
1562 1513 1708 1582 alibi,
1744 1519 1858 1567 tum
1893 1513 2112 1581 Hippol.
2148 1517 2268 1568 856.
2375 1529 2419 1567 c.

407 1586 526 1637 970.
564 1582 797 1649 Scilicet,
833 1587 895 1635 ut
931 1580 1065 1634 nihil
1103 1581 1278 1635 dicam
1314 1581 1382 1635 de
1421 1597 1569 1636 more
1609 1581 1977 1650 Tragicorum,
2012 1597 2178 1635 novas
2200 1591 2420 1635 consue-

407 1648 622 1704 tudines
657 1651 712 1703 in
737 1650 1014 1704 heroicum
1045 1665 1237 1704 aevum
1260 1649 1636 1717 transferendi,
1672 1649 1868 1717 plicari
1889 1654 2182 1717 potuerunt
2204 1649 2421 1704 tabulae

407 1718 552 1773 omni
587 1723 846 1786 tempore,
884 1717 1023 1771 sicut
1057 1733 1155 1772 nos
1195 1718 1458 1786 plicamus
1496 1718 1763 1772 chartam:
1834 1716 1890 1770 id
1926 1733 2092 1771 unum
2127 1718 2422 1786 quaeritur,

408 1802 479 1840 an
524 1786 650 1839 illae
697 1787 838 1840 notis
885 1785 1190 1839 litterarum
1246 1792 1302 1840 et
1348 1801 1481 1840 vera
1518 1786 1788 1854 scriptura
1822 1786 2168 1854 consignatae
2204 1786 2420 1840 fuerint.

408 1854 469 1909 Id
503 1870 601 1908 nos
634 1869 734 1909 nec
770 1853 980 1922 Pollux,
1015 1869 1116 1908 nec
1153 1853 1513 1922 HerodianuS,
1547 1869 1648 1908 nec
1682 1854 1898 1923 Tragici
1933 1854 2142 1908 docent.

570 1942 645 2006 46)
716 1939 1137 1994 Accuratissime
1191 1940 1329 1995 haec
1383 1940 1727 2010 persequitur
1772 1940 2023 1994 Eustath.
2057 1956 2113 2009 p.
2149 1944 2268 1996 632.
2306 1956 2417 2011 sqq.

411 2008 463 2063 Γ
452 2010 756 2080 ραμμάτων
799 2014 1002 2081 χρῆσις
1051 2010 1299 2080 νεωτέρα
1337 2011 1506 2063 ἐστίν·
1569 2011 1822 2071 ὠςαύτως
1856 2011 1943 2063 καὶ
1980 2012 2039 2063 τὸ
2076 2006 2286 2068 ἅξεστα
2321 2029 2419 2080 ση-

410 2080 541 2142 μεῖα
588 2079 673 2130 διὰ
744 2080 1023 2163 pomasi-mv
1055 2079 1327 2163 fvw'nod'v
1367 2078 1608 2148 ὕστερον
1648 2078 1902 2149 εὕρηται·
1952 2079 2047 2165 καὶ,
2076 2080 2110 2148 ἡ
2146 2084 2257 2132 τῶν
2285 2096 2419 2163 χαρ-

410 2147 614 2267 Ξῒξὲξῖἔ
646 2148 700 2267 ἑῖ
744 2165 936 2267 ,ιέἔῗῗ
970 2147 1533 2283 Ξῖιπΐῖῗιέῧέζῖἵ
1571 2148 1682 2275 Ξῗίέ
1709 2146 1950 2269 ίὲῗξψῖὶ
1963 2148 2423 2286 ιέῖοζῗιυξῗὲῗῖἔὲ

413 2283 502 2335 καὶ
542 2284 755 2343 λοιποὺς
805 2284 865 2335 δὲ
913 2288 1277 2369 χαρακτῆρας
1326 2282 1405 2343 εἷς
1454 2285 1730 2353 σημασίαν
1781 2284 1855 2337 ὧν
1895 2285 2072 2352 λέγειν
2110 2284 2422 2349 ἐβούλοντο,

412 2352 556 2404 οὕτω
591 2351 679 2404 καὶ
713 2351 885 2415 αὐτοὶ,
924 2352 1066 2403 καθὰ
1100 2370 1189 2404 και
1224 2355 1333 2404 τῶν
1371 2369 1515 2411 τινες
1550 2353 1785 2422 ὕστερον
1827 2349 2070 2416 Σκυθῶν,
2121 2354 2422 2424 ἐσήμαινον

413 2417 448 2469 ἃ
482 2419 717 2490 ἤθελον,
768 2417 967 2471 εἴδωλά
1013 2438 1135 2472 τινα
1186 2420 1273 2473 καὶ
1322 2419 1579 2491 πολυειδῆ
1626 2421 1904 2488 γραμμικὰ
1938 2422 2192 2485 ξέσματα
2230 2420 2425 2489 ἐγγρά-

412 2505 613 2555 φοντες
655 2489 779 2558 ἢτοι
837 2487 1204 2557 ἐγγλύφοντες
1257 2486 1440 2546 πίναξι
1486 2491 1730 2543 τουτέστι
1780 2493 2018 2554 σανίσιν,
2084 2488 2321 2548 ἀλλοίαις
2364 2507 2425 2542 τε

413 2556 502 2607 καὶ
548 2560 667 2616 ταῖς
716 2560 776 2608 ἐκ
822 2556 1007 2615 πύξων
1028 2594 1046 2619 ,
1103 2555 1171 2615 ἐξ
1207 2555 1282 2608 ὧν
1322 2557 1378 2608 αἱ
1414 2556 1706 2624 λεγόμεναι
1750 2557 1984 2619 πυξίδες.
2053 2587 2120 2599 --
2199 2554 2427 2627 Σήματιί

415 2642 577 2692 φησιν
627 2623 1067 2694 ἐγκεκολαμμένα
1114 2625 1292 2678 πίνακι
1341 2631 1563 2678 πτυκτῶ
1621 2632 1702 2678 τ’
1740 2628 1880 2680 κατὰ
1917 2629 2014 2698 τὴν
2052 2626 2423 2701 ἀρχαιοτάτην

452 2696 630 2761 ρῆσιν.
696 2725 758 2735 -
820 2691 1028 2745 Πίνακα
1062 2695 1312 2757 πτυκτόν,
1351 2695 1386 2745 ὅ
1421 2711 1602 2762 φαμεν
1679 2699 1801 2760 μεῒς
1837 2696 2018 2749 δέλτον
2055 2693 2179 2764 ἤτοι
2211 2694 2456 2761 βιβλίον’

408 2711 452 2879 Ξ
488 2761 764 2813 πιττάκιον
822 2791 886 2801 —·
926 2758 1072 2832 Ἐχοι
1108 2759 1172 2813 ἄν
1210 2780 1290 2822 τις
1325 2762 1414 2813 καὶ
1450 2767 1616 2815 τοῦτο
1657 2765 1736 2824 εἰς
1768 2764 2079 2833 μαρτυρίαν
2117 2768 2213 2819 τοῦ
2250 2762 2429 2824 ξύλοις

421 2830 876 2951 ἐγχαράσιοῑξσθαέί
904 2849 1038 2917 ποτε
1071 2831 1398 2950 γραὲμματα,
1446 2831 1476 2881 ὃ
1511 2832 1752 2952 μάλιστὲ
1790 2833 1878 2919 ἐπὶ
1912 2832 2219 2955 μαρόμάρων
2258 2830 2426 2932 λίθιρν

419 2916 705 3019 εῗεέὲειξιξιὶ
722 2917 1044 3037 ηαυνῖγεὲον
1061 2903 1358 3037 ἡχξοιέύῖζ
1365 2917 1673 3041 alga-&geg
1686 2918 1985 3039 expres-ZZZ
2014 2916 2426 3041 τρῗᾷιῗῖἵετῗδιὲἓ,

417 3036 556 3088 κατὰ
609 3036 737 3095 τοὺς
782 3034 1021 3106 ὕστερον
1064 3035 1323 3096 Ἀττικοὺς
1369 3032 1607 3101 ἄξονας,
1657 3040 1716 3089 ἐν
1762 3035 1842 3097 οἷς
1888 3039 2429 3110 ἐπινακογρμφοῦντο

421 3106 595 3168 νόμοι,
651 3103 1045 3173 κυριολεκτοῒτο
1088 3104 1153 3156 ἂν
1211 3106 1295 3158 ἐπ’
1332 3104 1501 3173 αὐτῆς
1535 3106 1624 3157 καὶ
1658 3108 1689 3158 ὁ
1726 3107 1852 3158 καθ’
1876 3104 2108 3176 Ὅμηρον
2146 3103 2313 3163 πίναξ
2345 3103 2429 3156 καὶ

420 3175 454 3242 ἡ
491 3172 645 3242 παρὰ
693 3174 807 3231 τοῖς
839 3173 968 3235 μεθ’
1000 3170 1232 3243 Ὅμηρον
1270 3172 1472 3231 δέλτος.
1537 3204 1603 3214 --
1659 3173 1941 3272 Χρζῇσιμον
1982 3175 2043 3227 δὲ
2078 3178 2157 3236 εἷς
2192 3176 2285 3227 τὸν
2324 3192 2427 3226 πα-

419 3241 592 3311 ρόντα
649 3241 813 3293 τόπον
870 3242 956 3293 καὶ
1016 3242 1081 3293 τὸ
1136 3241 1361 3294 παλαιὸν
1424 3240 1585 3306 ἔθος,
1643 3246 1752 3295 καθ
1822 3243 1852 3293 ὃ
1907 3243 2152 3313 δένδροις
2204 3245 2311 3296 ὅσα
2345 3241 2431 3293 καὶ

421 3307 631 3367 πίναξιν
690 3308 1047 3361 ἐνεκόλαπτον
1106 3311 1159 3361 οἱ
1213 3309 1427 3362 παλαιοὶ
1488 3309 1557 3361 τὰ
1617 3316 1728 3363 τῶν
1787 3311 2129 3379 φιλουμένων
2167 3313 2427 3375 ὀνόματα,

423 3378 497 3436 ὣς
551 3375 709 3446 εἴπερ
750 3373 990 3445 Ἔρωτες
1045 3380 1079 3447 ἢ
1139 3374 1359 3446 Νύμφαι
1416 3378 1630 3444 ὀρειναὶ
1692 3383 1857 3431 τοῦτο
1908 3379 2152 3433 ἐποίουν·
2208 3379 2341 3445 οἷον,
2394 3382 2428 3450 ἡ

423 3445 578 3496 δεῖνα
613 3444 766 3513 καλή,
804 3447 835 3497 ὁ
873 3447 1029 3497 δεῖνα
1062 3445 1236 3506 καλός.
1293 3477 1359 3488 --
1424 3447 1508 3500 'Ex
1560 3448 1767 3499 τούτων
1816 3447 1878 3499 δὲ
1913 3447 2001 3500 καὶ
2034 3449 2300 3520 παροιμία
2334 3467 2429 3501 πα-
