2734 4000
1170 229 1525 283 -63-

341 379 643 439 nisterium
680 394 953 441 manuum
993 383 1053 436 et
1090 378 1493 448 instrumenta,
1537 376 1745 448 quibus
1784 377 1889 436 illa
1927 383 2131 437 notata
2159 379 2353 452 aliquo

341 455 513 516 modo
528 501 544 530 ,
595 457 794 516 statim
841 456 1014 527 vulgo
1066 459 1170 513 aut
1208 455 1415 513 saltem
1454 454 1656 526 paucis
1695 451 2080 513 familiaribus
2121 456 2352 530 integra

238 541 317 582 112
340 533 729 592 traderentur.
806 534 876 592 Id
924 530 1212 591 Homerus
1263 528 1494 590 efficere
1541 546 1656 588 non
1708 531 1999 603 potuisset
2037 535 2209 588 decem
2250 537 2352 589 lin-

340 612 490 683 quis,
548 614 740 682 fmea
800 629 926 668 voce
988 613 1048 668 et
1098 609 1274 664 aeneis
1323 609 1582 663 lateribus
1591 606 1698 679 88);
1745 606 1843 666 hic
1882 608 1994 682 ipsi
2044 610 2351 683 graphium

342 701 488 760 opus
530 693 659 746 erat
698 692 758 746 et
794 686 1048 757 tabulae.
1130 684 1321 757 Quid?
1365 682 1537 755 quod,
1596 685 1647 742 si
1686 683 1841 743 forte
1879 685 1971 743 his
2012 685 2352 756 instructuS,

341 780 488 822 unus
527 765 589 822 in
628 765 861 827 saeculo
900 780 1033 836 suo,
1082 762 1271 821 Iliada
1320 767 1383 820 et
1437 759 1757 833 Odysseam
1810 761 1921 820 hoc
1969 767 2172 820 tenore
2224 780 2358 836 per·
2384 830 2403 837 g

344 841 647 913 texuisset,
687 842 748 899 in
788 847 1113 899 ceterarum
1150 839 1647 912 opportunitatum
1683 838 1930 911 penuria
1966 839 2182 897 similes
2219 841 2356 898 illae

340 914 589 976 fuissent
626 918 849 990 ingenti
888 917 1121 989 navigio
1138 960 1154 989 ,
1205 913 1360 989 quod
1404 915 1533 986 quis
1572 915 1633 971 in
1671 915 1860 987 prima
1898 914 2158 974 ruditate
2197 917 2354 975 na'vi-

343 995 591 1067 gationis
619 992 949 1055 fabricatus
985 995 1046 1051 in
1087 994 1215 1053 loco
1240 991 1687 1064 mediterraneo,
1726 992 2005 1050 machinis
2036 998 2097 1051 et
2114 992 2356 1065 phalan-

343 1071 432 1144 gis
473 1070 549 1131 ad
587 1070 1063 1144 protrudendum,
1107 1075 1283 1142 atque
1324 1067 1472 1128 adeo
1512 1069 1661 1127 mari
1702 1074 1949 1141 careret,
2001 1070 2065 1126 in
2106 1086 2217 1141 quo
2257 1086 2354 1128 ex-

339 1147 724 1222 perimentum
764 1164 905 1207 suae
947 1148 1092 1206 artis
1134 1151 1389 1221 caperet.
1469 1145 1605 1204 Non
1643 1145 2128 1218 commemorabo,
2179 1162 2351 1218 quam

342 1230 480 1298 apte
528 1225 646 1285 sint
691 1225 752 1283 in
791 1224 1014 1285 artibus
1056 1223 1414 1283 Graecorum
1452 1237 1650 1282 omnes
1693 1221 1910 1294 gradus
1953 1227 2013 1280 et
2051 1239 2350 1283 successus

339 1302 475 1361 nexi
514 1301 669 1360 inter
709 1318 773 1361 se
815 1307 877 1360 et
915 1301 1017 1360 alii
1058 1301 1189 1361 aliis
1209 1298 1581 1374 praemuniti,
1620 1303 1706 1368 ut,
1746 1315 1849 1356 cur
1876 1299 2119 1371 quisque
2146 1316 2358 1372 sequa·

327 1375 440 1436 'tur
479 1377 773 1452 deincepS,
815 1395 887 1437 ex
926 1379 1226 1451 superiore
1266 1376 1361 1435 via
1402 1382 1464 1435 et
1503 1376 1907 1435 antecessione
1934 1392 2240 1435 causarum
2265 1379 2350 1435 in-

344 1455 533 1529 telligi
571 1456 774 1528 possit.
853 1454 1123 1527 Exempli
1164 1454 1374 1527 gratia,
1414 1468 1659 1525 pronum
1696 1450 1810 1511 fuit
1844 1453 2078 1526 ingenio
2107 1453 2351 1527 Graeco,

343 1547 415 1590 ex
442 1534 623 1604 epicis
664 1529 889 1597 ἀοιδαῖς
939 1531 1218 1590 mutanda
1266 1529 1452 1590 forma
1505 1545 1703 1587 serere
1755 1530 2041 1588 scenicam
2080 1527 2351 1604 fabulam,

344 1613 405 1666 et
450 1606 686 1669 fastidio
739 1608 1008 1681 quodam,
1047 1614 1114 1667 ut
1150 1606 1234 1680 fit,
1288 1606 1548 1666 eiusdem
1588 1606 1911 1665 cantilenae
1952 1623 2050 1678 ea,
2103 1624 2252 1679 quae
2292 1609 2352 1665 in

342 1685 458 1743 illis
498 1691 739 1744 narrata
777 1693 963 1759 erant,
1003 1686 1267 1759 personis
1309 1683 1559 1742 dicenda
1597 1682 1762 1757 dare,
1801 1684 1968 1755 quasi
1990 1689 2126 1742 ante
2154 1685 2350 1744 oculos

342 1767 687 1835 agerentur:
741 1762 889 1823 illud
941 1762 1152 1820 nullius
1205 1761 1471 1820 nationis
1525 1760 1759 1834 ingenio
1808 1758 2026 1818 factum
2077 1766 2192 1833 est,
2241 1778 2351 1819 nec

340 1838 533 1912 potuit
549 1837 695 1911 fieri,
716 1844 783 1897 ut
803 1839 931 1911 quis
953 1838 1030 1898 ad
1049 1840 1226 1898 talem
1245 1838 1444 1896 ludum
1466 1838 1730 1910 prodiret
1750 1838 1874 1895 sine
1903 1837 2347 1910 spectatoribu8‚

342 1921 445 1974 aut
481 1915 800 1988 longitudo
826 1917 949 1974 eius
988 1917 1144 1975 ultra
1185 1923 1392 1988 15‚000
1445 1930 1647 1973 versus
1690 1920 2043 1972 excurreret.
2122 1913 2348 1974 Eodem

340 1997 514 2067 pacto
556 1993 606 2051 si
643 1992 896 2053 Homero
936 1994 1184 2052 lectores
1226 1992 1488 2065 deerant,
1529 1992 1702 2064 plane
1728 2008 1844 2050 non
1871 2007 2167 2064 assequor,
2210 1991 2346 2064 quid

340 2070 575 2142 tandem
618 2074 748 2128 eum
787 2070 1086 2143 impellere
1114 2071 1404 2145 potuisset
1430 2069 1492 2126 in
1519 2068 1818 2128 consilium
1848 2074 1909 2126 et
1935 2069 2347 2148 cogitationem

340 2153 461 2205 tam
499 2148 802 2219 longorum
844 2152 904 2205 et
944 2148 1213 2207 continuo
1240 2147 1498 2221 partium
1525 2162 1678 2205 nexu
1704 2151 2100 2212 consertorum
2132 2144 2347 2204 Carmi-

340 2240 494 2282 num.
515 2222 780 2297 ,Saepius
823 2223 1028 2283 eadem
1066 2230 1302 2298 repeto:
1344 2223 1449 2281 sed
1489 2222 1808 2282 identidem
1844 2221 2232 2294 repetendum
2260 2228 2356 2281 est

239 2313 315 2355 118
340 2300 485 2359 illud
531 2320 719 2372 posse,
774 2301 939 2359 cuius
991 2318 1064 2359 ex
1114 2302 1244 2375 ipsa
1281 2301 1534 2359 humana
1571 2305 1781 2358 natura
1819 2299 1909 2357 vis
1950 2304 2118 2357 tanta
2159 2304 2250 2357 est
2290 2306 2353 2358 et

338 2375 756 2436 firmamentum
819 2393 1029 2436 causae
1068 2383 1333 2448 nostrae,
1381 2383 1472 2449 ut,
1522 2377 1634 2434 nisi
1674 2374 1819 2433 illud
1857 2376 2123 2447 tollatur,
2182 2392 2350 2435 nemo

340 2454 469 2513 aliis
511 2451 965 2527 difficultatibus,
1005 2454 1214 2526 quibus
1256 2470 1329 2513 ea
1353 2452 1606 2512 fortasse
1633 2452 1865 2511 laborat
1889 2452 2170 2526 plurimis,
2213 2453 2349 2525 angi

341 2536 403 2589 et
440 2530 742 2590 sollicitari
781 2529 995 2589 debeat
1005 2529 1099 2603 84).

473 2674 546 2742 0³)
581 2672 645 2727 11.
680 2673 739 2739 β.
774 2676 893 2728 489.

476 2758 547 2830 84)
581 2758 735 2813 Iacta
786 2763 869 2812 est
921 2759 1057 2828 alea,
1112 2757 1192 2826 ad,
1243 2773 1407 2838 quam
1463 2763 1609 2813 certe
1646 2774 1754 2813 non
1788 2758 2089 2826 imparatus
2125 2759 2344 2814 accessi.

340 2825 668 2895 Superstites
702 2826 879 2882 adhuc
913 2832 1053 2894 sunt,
1091 2830 1169 2892 (et
1204 2831 1411 2880 utmam
1447 2827 1540 2881 diu
1559 2827 1668 2881 sint
1681 2826 1718 2894 1)
1754 2826 2220 2895 memineruntque
2240 2827 2348 2881 for-

337 2900 482 2950 tasse
500 2896 606 2950 duo
625 2893 1002 2952 litteratissimi
1018 2894 1135 2964 viri,
1156 2894 1285 2967 quid
1303 2911 1405 2963 ego
1425 2895 1578 2949 annis
1597 2896 1729 2950 1780
1742 2899 1797 2948 et
1815 2896 1941 2950 1781
1967 2896 2141 2965 [1779.
2160 2895 2344 2958 Briefe

338 2979 409 3017 an
419 2961 674 3033 Heynep.
691 2965 826 3033 124.]
840 2963 908 3017 de
925 2964 1029 3018 hac
1046 2978 1105 3035 re
1119 2978 1300 3017 secum
1313 2971 1369 3017 et
1379 2963 1713 3017 sermonibus
1735 2969 1791 3016 et
1803 2962 2000 3016 litteris
2012 2963 2231 3031 egerim.
2256 2964 2344 3018 Ab

338 3030 429 3086 illo
461 3032 586 3086 inde
630 3039 873 3101 tempore
910 3032 979 3085 ad
1002 3031 1136 3087 alias
1162 3047 1318 3085 curas
1336 3031 1628 3099 digressus,
1664 3045 1788 3085 raro
1818 3030 1952 3084 mihi
1977 3031 2121 3084 inter
2144 3032 2345 3086 amicos

336 3114 529 3167 passus
563 3116 681 3158 sum
697 3099 919 3172 verbum
944 3100 1192 3154 excidere
1250 3116 1355 3168 quo
1385 3099 1655 3154 silentium
1674 3104 1730 3153 et
1751 3098 2016 3154 firmatam
2041 3099 2347 3178 opinionem

336 3168 634 3239 doctorum⁴
671 3167 1086 3240 interpellarem.
1155 3139 1339 3221 Efftiam
1393 3167 1449 3221 in
1483 3167 1944 3247 praelectionibus
1978 3183 2112 3221 mels
2147 3167 2343 3230 multos

335 3251 504 3291 annos
537 3236 779 3291 imitatus
815 3252 933 3290 sum
968 3236 1295 3305 interpretes
1330 3235 1607 3291 doctrinae
1644 3251 1828 3290 sacrae
1918 3235 2010 3305 qui
2045 3235 2342 3289 edictorum

334 3309 483 3358 metu
516 3305 695 3359 territi
724 3320 833 3360 non
866 3304 924 3359 id
961 3304 1171 3373 docent,
1209 3304 1354 3372 quod
1390 3303 1604 3358 sibimet
1641 3304 1772 3372 ipsis
1806 3274 2006 3372 placet,
2066 3304 2162 3358 sed
2196 3304 2341 3371 quod

337 3371 597 3427 ecclesiae
633 3373 760 3428 olim
808 3388 877 3427 ex
911 3377 1021 3426 tem
1062 3388 1154 3426 ore
1191 3372 1529 3441 probandum
1563 3372 1960 3442 praescriptum
1997 3376 2110 3438 est3
2162 3385 2340 3439 neque

335 3439 550 3507 publice
586 3439 877 3509 quidquam
918 3440 985 3495 de
1021 3388 1449 3510 gubitationibus
1479 3441 1598 3496 istis
1631 3437 1862 3510 prodidi.
1904 3438 2149 3509 Reposui
2182 3454 2341 3508 prae-
