2734 4000
1150 165 1509 223 ...gg-

324 316 583 372 narratu.
659 310 895 372 Etenim
941 314 1030 372 illi
1077 312 1202 375 fere
1239 314 1551 376 Pisistrato
1608 315 1751 377 dare
1789 317 2062 378 videntur
2101 319 2332 381 codices

326 389 683 463 singularum
720 391 1192 465 rhapsodiamm,
1244 409 1281 451 a
1318 397 1496 465 poeta
1543 391 1720 467 forte,
1770 400 1838 454 ut
1876 395 2085 455 Suidas
2138 396 2330 471 docet,

221 480 299 525 145
326 467 387 524 in
426 466 601 526 variis
641 466 898 540 urbibus,
939 484 1084 541 quas
1124 468 1377 542 obierat,
1431 470 1667 531 relictos
1709 470 1897 532 dicam
1938 489 2028 532 an*
2052 474 2330 547 oppigne-

321 548 512 602 ratos:
553 544 644 602 his
684 544 978 605 codicibus
1014 545 1362 605 instructum
1387 547 1547 605 illum
1575 548 1818 608 credere
1844 549 2130 624 videntur,
2172 553 2330 623 (nam

325 617 610 695 affirmate
647 622 807 693 loqui
844 639 959 682 non
999 622 1260 696 audent,)
1303 622 1696 697 confusiqnem
1734 627 2037 699 paullatim
2078 644 2115 686 a
2153 630 2333 687 sarci-

323 698 623 757 natoribus
666 696 995 758 Carminum
1053 697 1266 759 factam
1314 702 1645 776 sustulisse,
1699 719 1769 762 ac
1806 720 1923 763 non
1961 709 2081 763 tam
2120 720 2330 765 novum

321 773 585 833 ordinem
624 774 960 848 designasse
999 792 1172 848 quam
1209 777 1517 853 pristinum
1560 784 1621 838 et
1646 781 1954 852 genuinum
1980 780 2328 841 restituisse.

321 850 454 909 Huc
512 868 652 924 ergo
720 852 958 912 trahunt
998 853 1268 913 Carmina
1315 855 1418 914 illa
1477 859 1732 929 confusa,
1798 855 2058 914 διεσπα
2076 876 2166 936 σμ
2175 855 2213 915 ε’
2219 877 2246 916 ν
2262 878 2330 929 α,

321 925 747 1063 δοιῃρηζένα,
787 927 1078 1008 σποράδην
1117 930 1480 1022 α’δόμενα,
1519 932 1679 991 velut
1719 930 1966 993 disiecta
2007 939 2067 993 et
2090 935 2329 994 turbata

322 1008 465 1064 vltio
503 1021 535 1061 r
574 1005 950 1079 apsodorum3
992 1024 1336 1081 omninoque
1377 1013 1603 1098 tantum
1642 1010 1702 1067 in
1740 1011 1851 1070 hoc
1890 1012 2127 1085 negotio
2153 1012 2328 1070 relin-

322 1087 505 1152 quunt
541 1082 784 1156 homini,
839 1085 937 1155 qui
996 1100 1065 1143 ex
1108 1101 1176 1145 eo
1216 1086 1344 1159 ipso
1385 1102 1693 1145 mammam
1732 1086 1943 1147 famam
1986 1088 2326 1148 eruditionis
2370 1140 2394 1155 ,

320 1165 661 1218 consecutus
713 1166 803 1218 est
815 1159 891 1233 ⁷),
951 1167 1226 1233 quantum
1286 1161 1459 1221 hodie
1518 1162 1811 1224 interdum
1873 1165 2326 1238 negligentiores

320 1236 633 1310 scriptores
673 1237 1006 1309 relinquunt
1044 1255 1219 1298 curae
1259 1240 1769 1313 typographorum.

472 1312 634 1372 Bene
673 1329 736 1371 se
774 1314 1060 1374 haberent
1094 1315 1242 1375 haec
1281 1317 1489 1388 omnia,
1532 1317 1583 1375 si
1624 1317 1697 1375 de
1739 1334 1917 1391 opere
1958 1321 2143 1379 nostri
2184 1324 2328 1377 tem-

318 1389 489 1462 poris
528 1396 925 1464 quaereretur,
968 1398 1071 1451 aut
1108 1393 1159 1451 si
1199 1393 1334 1452 olim
1360 1394 1563 1466 scripti
1588 1393 1724 1452 libri
1748 1393 1996 1455 fuissent
2020 1401 2155 1455 ante
2181 1396 2330 1454 Pisi-

320 1470 585 1540 stratum,
623 1467 1016 1542 rhapsodique
1041 1470 1209 1540 taleS‚
1250 1471 1452 1542 quales
1479 1470 1552 1529 ab
1580 1471 1708 1530 istis
1737 1469 2048 1546 finguntur,
2089 1472 2139 1531 si
2168 1473 2328 1531 deni·

325 1664 400 1716 Ob
439 1666 647 1717 totius
679 1667 823 1722 fere
858 1665 1309 1730 antiquitatis
1342 1684 1729 1720 consensum
1764 1668 2143 1720 concedendum
2179 1669 2319 1721 vide-

319 1742 423 1798 tur,
456 1734 624 1800 ipsum
659 1734 862 1799 quidem
897 1735 1176 1787 Homerum
1210 1736 1566 1800 conscripsisse
1600 1754 1713 1788 una
1744 1735 1875 1788 serie
1900 1737 2177 1801 utriusque
2192 1742 2318 1802 po&-

317 1803 470 1855 matis
502 1803 680 1865 libros,
710 1802 1025 1868 posterisque
1057 1804 1166 1854 suis
1194 1812 1469 1869 perpetuos
1502 1822 1594 1856 nec
1615 1806 1867 1872 dispersos
1899 1804 2194 1870 reliquisse,
2231 1805 2325 1856 sed

318 1871 487 1921 vivum
536 1888 639 1922 nou
673 1870 777 1922 ‘nisi
811 1872 1121 1937 cantilenas,
1169 1889 1297 1937 quas
1332 1872 1391 1922 in
1426 1871 1627 1938 oppidis
1662 1874 1823 1924 victus
1857 1874 2036 1938 qratia
2074 1872 2324 1934 cantavit,

318 1938 577 2005 dispersas
612 1939 844 1991 edidisse.
902 1938 1175 1993 Particula
1197 1945 1316 2007 fere
1338 1938 1536 1993 Latine
1572 1940 1775 1995 utimur
1808 1938 2103 1993 modestiae
2141 1954 2324 2007 causa,

316 2022 426 2061 non
479 2013 541 2060 ut
578 2007 926 2062 mendacium
969 2013 1231 2076 tegamus,
1320 2007 1409 2062 Ita
1447 2024 1515 2062 ue
1561 2009 1736 2078 qualis
1781 2008 1870 2061 ille
1926 2007 1996 2061 sit
2030 2011 2183 2060 totius
2206 2014 2325 2074 jere

318 2076 644 2141 antiquitatis
677 2094 958 2140 consensus,
998 2074 1192 2130 docere
1227 2091 1326 2130 nos
1363 2075 1430 2129 de
1471 2077 1611 2131 ebat.
1683 2076 1767 2130 Ne
1805 2075 1996 2130 Suidas
2034 2074 2250 2145 quidem
2288 2076 2324 2129 l.

318 2158 364 2196 c.
401 2143 660 2212 concinit,
704 2159 865 2211 quem
911 2160 1075 2198 unum
1120 2144 1195 2197 ibi
1238 2144 1475 2199 habebat
1518 2161 1651 2214 prae
1688 2144 1882 2199 oculis:
1938 2144 1965 2166 '¹
1998 2147 2187 2213 γραψε
2226 2146 2322 2215 τὴν

314 2209 510 2263 Ἰλιάδα
546 2212 651 2283 οὐχ
688 2211 816 2276 ἅμα,
853 2213 979 2264 οὐδὲ
1014 2213 1153 2264 κατὰ
1188 2214 1251 2266 τὸ
1289 2214 1535 2285 συνεχές,
1573 2213 1835 2282 καθάπερ
1870 2213 2172 2282 ’σύγκειται-
2210 2212 2322 2265 ἀλλ’

319 2280 485 2339 αὐτὸς
524 2282 624 2344 μὲν
672 2282 907 2350 ἑκάστην
939 2281 1230 2351 ῥαψῳδίαν
1265 2283 1493 2349 γράψας
1527 2281 1614 2333 καὶ
1651 2281 1930 2341 ἐπιδείξας
1966 2280 2025 2331 ἐν
2064 2286 2143 2349 τῷ
2178 2299 2325 2352 περι-

319 2351 534 2401 νοστεῖν
573 2349 668 2409 τάς
688 2350 873 2409 πόλεις
895 2353 1106 2421 τροφῆς
1125 2348 1329 2414 ἕνεκεν,
1355 2350 1631 2402 ἀπέλιπεν.
1692 2349 1780 2403 Sic
1802 2348 2083 2402 Pisistrato
2108 2348 2323 2403 demum

316 2416 451 2469 nihil
483 2416 750 2485 reliquum
784 2416 867 2485 fit,
905 2433 1067 2486 quam
1103 2424 1165 2471 ut
1198 2417 1500 2484 rhapsodias
1525 2419 1584 2470 in
1607 2420 1807 2470 totidem
1833 2417 1999 2484 libros,
2036 2428 2157 2482 quot
2182 2434 2325 2469 nunc

317 2484 572 2553 habemus,
608 2485 821 2538 dividat.
881 2486 1074 2553 Itaque
1108 2486 1251 2540 hanc
1289 2484 1604 2541 divisionem
1640 2486 1707 2540 ab
1732 2484 2114 2539 Alexandrinis
2137 2485 2323 2539 induc-

316 2557 429 2606 tam
464 2567 600 2621 esse,
639 2554 925 2622 ignorabat
959 2554 1042 2608 vir
1074 2555 1289 2609 bonus:

454 2638 500 2704 ⁷)
533 2636 740 2693 Eodem
782 2639 1054 2707 pertinere
1106 2640 1342 2694 arbitror
1377 2639 1575 2693 famam
1611 2639 1678 2693 de
1714 2637 1888 2707 prima
1901 2638 2014 2700 „bib
2037 2637 2253 2703 iotheca
2288 2654 2322 2691 a

317 2707 600 2762 Pisistrato
638 2706 871 2776 condita,
909 2708 1012 2762 etsi
1047 2708 1178 2762 satis
1215 2707 1422 2762 recenti
1460 2707 1709 2776 scriptori
1743 2713 2110 2775 memoratam,
2147 2705 2322 2761 Gellio

317 2773 408 2843 VI,
449 2778 528 2831 17.
602 2774 725 2830 Non
772 2777 914 2831 enim
957 2776 1198 2846 reperio,
1245 2776 1337 2845 qui
1384 2776 1478 2829 alii
1532 2782 1755 2845 praeter
1798 2775 2095 2829 Homerum
2146 2774 2322 2828 inesse

316 2844 594 2911 potuerint
631 2845 940 2914 scriptores,
975 2861 1138 2913 quam
1174 2844 1381 2913 aliquot
1414 2849 1627 2912 poetae,
1663 2859 1838 2911 nuper
1872 2842 2086 2896 demum
2121 2842 2207 2895 vel
2242 2842 2323 2910 ip-

317 2913 429 2966 sius
461 2911 610 2967 iussu
643 2913 948 2982 perscripti.
1019 2914 1277 2982 Idemque
1315 2912 1654 2968 sentiendum
1688 2911 1917 2967 fortasse
1953 2911 2020 2965 de
2039 2910 2136 2964 Pol
2175 2918 2291 2964 crat

318 2980 513 3047 Samio,
572 2993 733 3050 quem
777 2987 1004 3061 propter
1049 2981 1307 3036 librorum
1348 2980 1709 3050 parandorum
1763 2979 1999 3058 studium
2033 2994 2155 3032 cum
2198 2978 2326 3058 ‚isi-

318 3055 489 3105 strato
544 3050 821 3120 coniunglt
864 3049 1058 3103 Athen.
1107 3050 1151 3103 I.
1184 3066 1238 3118 p.
1275 3054 1324 3104 3.
1359 3051 1426 3103 A„
1488 3048 1753 3103 Nimirum
1802 3045 2157 3101 bibliothecae
2194 3046 2320 3101 lllae

319 3118 518 3172 similes
552 3118 786 3186 fuerunt,
822 3118 880 3172 ni
914 3117 1088 3186 fallor,
1114 3134 1315 3187 earum,
1351 3134 1491 3187 quae
1526 3118 1582 3171 in
1606 3116 1820 3185 templis
1836 3115 2119 3178 nonnulliS,
2158 3114 2324 3194 etiam

317 3186 377 3239 in
400 3186 915 3255 HierosolymitanO,
951 3186 1229 3254 depositae
1264 3188 1529 3253 feruntur,
1565 3185 1753 3254 paucis
1778 3190 2088 3239 constantes
2108 3189 2325 3252 scuptis

319 3260 378 3308 et
407 3255 622 3309 nomine
676 3272 774 3310 suo
789 3295 803 3318 ,
850 3260 1013 3323 prout
1054 3255 1217 3309 hodie
1263 3261 1583 3323 usurpatur,
1630 3269 1820 3321 parum
1865 3252 2091 3320 dignae3
2136 3251 2325 3306 similis

318 3321 503 3376 forsan
548 3323 712 3377 etiam
764 3323 859 3377 illa
904 3323 1222 3392 Smyrnaea,
1275 3323 1430 3378 cuius
1477 3331 1586 3377 una
1620 3338 1743 3377 cum
1776 3321 2045 3375 Homereo
2080 3320 2326 3375 meminit

318 3389 512 3445 Strabo
547 3390 693 3445 XIV.
730 3409 783 3461 p.
819 3395 938 3446 646.
