2734 4000
1295 222 1656 278 ..144-

470 371 860 431 litterularum
898 376 1185 446 occupata
1223 369 1509 430 doctrina.
1587 368 1682 429 Ex
1719 368 1825 428 illa
1861 369 1963 442 qui
2001 366 2260 447 Κριτικοὶ
2297 368 2491 430 Grae-

471 450 575 523 cis,
617 447 794 507 iidem
830 447 1058 507 Latinis
1084 449 1639 523 ΜΨ
1664 452 2036 520 usurpantur,
2073 445 2484 520 habenturque

470 527 531 584 in
568 526 679 586 hoc
716 539 955 584 numero
995 525 1089 582 vel
1114 525 1175 582 in
1212 524 1416 598 primis
1454 523 1517 597 ii,
1556 539 1702 595 quos
1741 538 1911 583 nemo
1939 522 2153 582 dixerit
2175 523 2484 584 laborasse

471 601 615 661 illud
631 646 648 676 ,
707 607 776 660 ut
813 617 1016 660 manus
1057 608 1358 660 auctorum
1400 600 1628 659 collatis
1668 599 1964 659 codicibus
2002 616 2109 659 seu
2146 601 2489 660 coniectura

473 678 841 752 indagarent,
881 678 1033 736 sicut
1057 677 1322 736 Maecius
1362 677 1579 750 Tarpa,
1618 674 1946 736 fabularum
1970 675 2191 736 Romae
2229 677 2289 735 in
2329 693 2488 739 com-

471 756 805 827 missionem
845 754 1258 828 productamm
1298 753 1533 813 auditor
1571 754 2023 825 aestimatorque
2034 753 2133 825 1Β).
2696 746 2704 791 ¹

629 832 761 890 Tali
787 832 970 903 igitur
997 830 1401 890 emendatione
1426 831 1519 889 vel
1546 831 1742 903 potius
1763 846 2010 889 censura
2028 837 2327 890 certarunt
2346 832 2486 891 olim

477 909 538 967 in
573 908 830 969 Homero
873 914 935 967 et
972 908 1140 980 quasi
1179 923 1308 966 cum
1347 906 1603 967 Homero
1646 905 1848 966 Critici
1887 923 2105 980 omneS,
2145 909 2487 982 impellente

473 982 603 1060 ipsa
628 986 994 1060 praestantia
1022 983 1368 1056 carminum,
1395 989 1464 1042 ut
1488 983 1631 1042 nihil
1657 984 2009 1056 omitterent,
2035 1000 2151 1056 quo
2177 985 2384 1057 augeri
2409 1000 2486 1044 ea

367 1084 444 1124 sss
473 1069 694 1138 posset,
737 1068 798 1121 et
833 1060 1288 1135 perfectissimus
1328 1061 1609 1120 sermonis
1659 1067 1719 1118 et
1753 1061 2020 1134 poeticae
2046 1062 2189 1119 artis
2213 1063 2373 1121 nitor
2395 1063 2485 1120 in-

475 1139 625 1198 duci.
708 1139 837 1212 Qua
875 1140 936 1196 in
974 1155 1058 1208 re,
1100 1153 1214 1210 quo
1254 1137 1501 1210 quisque
1538 1138 1892 1210 ingeniosior
1932 1144 2078 1211 erat,
2120 1154 2191 1198 eo
2229 1139 2486 1213 plerum-

467 1232 579 1289 que
619 1214 1017 1275 immodestius
1056 1214 1289 1274 videtur
1325 1220 1592 1273 versatus
1620 1230 1769 1284 esse,
1808 1219 2146 1287 textumque
2172 1231 2353 1289 saepe
2379 1214 2483 1274 de-

466 1309 745 1367 pravasse
783 1291 1145 1364 corrigendo.
1226 1291 1466 1350 Scilicet
1508 1292 1558 1349 is
1599 1292 1800 1350 critico
1839 1291 2063 1353 iudicio,
2080 1294 2330 1351 maxime
2354 1293 2481 1366 pol-

467 1371 591 1428 lere
630 1369 967 1443 putabatur,
1006 1370 1105 1441 qui
1144 1369 1424 1442 optimum
1463 1373 1696 1441 poetam
1736 1368 1973 1441 proprio
2012 1368 2246 1441 ingenio
2286 1385 2485 1428 emen-

465 1432 608 1504 dare
654 1451 905 1520 poterat.
964 1445 1084 1504 Alii
1104 1451 1300 1504 autem
1328 1444 1763 1505 emendationes
1793 1446 1941 1503 tales
1969 1446 2062 1504 vel
2088 1446 2149 1503 in
2178 1445 2483 1505 Commen-

464 1523 630 1582 tariis
670 1523 790 1581 suis
829 1522 1261 1597 proponebant,
1310 1522 1405 1580 vel
1452 1522 1513 1579 in
1565 1522 1776 1581 scholis
1793 1566 1809 1593 ,
1861 1537 1932 1580 ex
1981 1522 2189 1594 quibus
2227 1540 2363 1582 mox
2398 1523 2477 1584 ab

464 1598 825 1658 auditoribus
866 1598 1314 1670 colligebantur.
1382 1597 1591 1658 Totam
1631 1604 1827 1657 autem
1852 1614 1978 1656 rem
2003 1600 2191 1672 primo
2217 1616 2333 1659 non
2357 1600 2476 1660 dis-

461 1676 756 1749 plicuisse,
782 1674 1042 1734 ostendit
1064 1679 1418 1734 memoratus
1445 1676 1643 1748 paullo
1673 1682 1809 1734 ante
1833 1676 2128 1734 litterator
2153 1675 2474 1736 Athenien-

463 1754 562 1826 sis,
604 1753 704 1825 qui
745 1751 1092 1810 emendandi
1117 1751 1361 1811 Homeri
1387 1749 1725 1811 facultatem
1754 1758 1814 1811 et
1840 1751 2098 1825 studium
2123 1769 2289 1812 suum
2315 1754 2477 1813 Alci-

461 1829 623 1888 biadi
647 1828 1005 1901 venditabat,
1030 1830 1287 1899 minime,
1315 1829 1367 1888 si
1393 1829 1536 1901 quid
1561 1829 1748 1902 video,
1775 1828 2071 1887 diversum
2097 1829 2172 1887 ab
2201 1845 2290 1902 eo,
2317 1831 2474 1903 quod

459 1906 555 1964 hic
596 1905 996 1965 describimus.
1063 1905 1207 1965 Post
1246 1906 1545 1978 aliquanto
1585 1921 1758 1978 qnam
1782 1905 2070 1965 Zenodoti
2109 1911 2172 1964 et
2209 1907 2473 1980 aliorum,
2691 1878 2704 1947 ⁴

459 1984 519 2041 in
545 1983 797 2056 optimos
822 1999 1025 2042 versus
1055 1988 1116 2042 et
1140 1983 1413 2042 universa
1436 1981 1708 2043 Carmina
1733 1983 2140 2057 grassantium,
2166 1981 2469 2045 libidinem
2498 2004 2619 2060 τήν

458 2059 696 2118 nimium
736 2061 1052 2119 sensissent
1077 2065 1309 2119 vetusta
1334 2067 1723 2133 monumenta,
1764 2053 2003 2119 ars-ista
2027 2061 2156 2119 iure
2182 2061 2382 2134 coepit
2403 2062 2466 2120 in

458 2137 678 2195 crimen
716 2142 777 2195 et
813 2137 1327 2211 reprehensionem
1365 2137 1760 2197 modestorum
1787 2143 1849 2196 et
1872 2136 2255 2210 prudentium
2278 2138 2470 2197 incur-

456 2229 617 2287 rere,
666 2214 972 2286 notarique
1025 2232 1063 2273 a
1108 2215 1304 2272 multis
1358 2217 1602 2270 censoria
1653 2216 1940 2270 insolentia
1990 2219 2051 2273 et
2101 2217 2371 2271 acerbitas
2408 2222 2473 2274 et

454 2287 672 2361 frigida
697 2306 840 2349 cura
864 2306 1059 2349 rerum
1078 2291 1593 2349 minutissimarum
1604 2290 1700 2363 ¹⁷),
1729 2289 1833 2349 sed
1854 2306 2136 2362 nusquam
2154 2290 2265 2350 hoc
2285 2308 2471 2364 genus

352 2382 430 2424 m
458 2369 688 2424 levitatis
728 2374 789 2425 et
823 2369 1104 2440 audaciae,
1143 2366 1299 2439 quod
1335 2366 1511 2427 hodie
1552 2366 1783 2427 Criticis
1819 2367 1995 2427 obiici
2029 2368 2198 2427 solet.
2261 2369 2472 2442 Neque

469 2537 490 2555 ‘
592 2544 664 2611 16)
700 2541 808 2599 Cic.
843 2542 893 2597 E
933 2559 987 2611 p.
1022 2542 1093 2597 ad
1124 2542 1316 2597 Famil.
1353 2542 1481 2610 VII,
1532 2548 1578 2599 1.
1614 2545 1747 2600 Hor.
1785 2544 1954 2599 Serm.
1989 2545 2033 2613 I,
2075 2550 2156 2614 10,
2190 2551 2276 2602 38.
2312 2549 2381 2601 A.
2404 2549 2464 2604 P.

455 2613 576 2667 387.
642 2611 729 2666 Ibi
766 2627 871 2665 eun
911 2627 995 2665 em
1032 2610 1268 2679 Tarpam
1303 2611 1642 2667 Scholiastae
1668 2612 1927 2667 criticum
1962 2620 2018 2667 et
2053 2614 2472 2685 emendatorem,

454 2686 526 2747 et,
558 2680 704 2749 quod
741 2679 900 2733 modo
937 2679 1111 2747 posui,
1146 2698 1369 2732 severum
1395 2681 1692 2748 doctumque
1719 2681 2004 2735 auditorem
2031 2693 2079 2734 et
2100 2685 2466 2738 aestimatorem

459 2747 757 2800 Garminum
790 2755 1003 2802 vocant.

588 2834 659 2900 17)
693 2832 832 2888 Vide
869 2831 1126 2886 Herodici
1149 2832 1437 2902 Babylonii
1493 2840 1549 2887 et
1572 2850 1635 2889 su
1675 2835 1886 2901 parium
1910 2835 2137 2891 Horatio
2161 2843 2463 2906 poetarum,

450 2901 779 2969 Antiphanis
816 2900 1031 2955 Maced.
1058 2899 1404 2969 Philippique
1428 2851 1741 2957 'l'hessafon
1779 2903 1829 2955 Ε
1871 2904 2112 2972 igramm.
2147 2907 2204 2959 in
2224 2906 2460 2959 Brunck.
2686 2929 2704 2978 ⁴

450 2970 610 3024 Anal.
648 2971 718 3025 Π.
758 2987 812 3039 p.
848 2973 933 3023 65.
967 2973 1081 3025 205.
1122 2968 1187 3024 V.
1224 2985 1277 3037 p.
1316 2974 1436 3025 223.
1472 2971 1675 3024 XLIII.
1711 2971 1839 3024 XLI
1895 3014 1906 3025 .
1956 2974 2196 3040 (Anthol.
2234 2973 2460 3030 Planud.

449 3038 521 3106 ΙΙ,
564 3042 667 3108 10.)
714 3038 808 3092 ubi
856 3037 1101 3091 ridentur
1134 3036 1186 3091 Γ
1216 3039 1504 3104 αμματςκοὶ
1558 3037 1760 3103 Μώμου
1811 3041 2003 3108 τέκνα,
2058 3040 2149 3111 Ζη
2164 3061 2190 3093 ν
2205 3043 2325 3094 οδό
2340 3061 2465 3095 του

449 3107 822 3191 σέύλακες,
854 3105 1109 3192 οἷ’περὶ
1209 3107 1626 3193 αλλξμαχον,
1663 3106 1736 3160 οἵ
1759 3112 1820 3160 τ’
1858 3110 1971 3195 ἀ,π’
2008 3108 2456 3197 Ἀριστάρχρυ
2628 3119 2703 3176 „³

446 3192 616 3308 {3235
667 3174 1048 3306 ῗῖἓῖθέἑογῖιὲ
1087 3175 1367 3296 &stim
1381 3195 1420 3245 Ρ
1427 3194 1544 3296 χτῗ
1561 3195 1650 3295 ’ἓὸ
1661 3151 2631 3317 ᾗῖιῖἶοῗὲἴῖῗεῖἰιῶωξῧέ”ἒόῗὲἷ

447 3307 582 3365 NIN
617 3282 722 3364 ’etc
795 3261 1051 3366 Simfflter
1096 3311 1189 3364 alii
1234 3283 1389 3380 post:
1425 3318 1681 3380 tanquam
1730 3312 2030 3376 LucianuS,
2081 3321 2278 3368 notans
2322 3319 2412 3367 τῶ
2428 3335 2457 3367 ν

445 3379 620 3446 ἀμφὶ
671 3382 785 3432 τὸν
840 3378 1187 3449 Ζηνόδοτο
1209 3399 1237 3432 ν
1286 3380 1396 3431 καὶ
1451 3380 1546 3449 Ἀρ
1569 3380 1919 3452 ίσταρχον
1955 3389 2459 3451 γραμματικῶν,

443 3447 648 3518 πολλὴν
685 3450 785 3518 τὴν
822 3448 1206 3517 ψυχρολογίαν.
1278 3446 1405 3503 Ver.
1440 3448 1589 3502 Hist.
1619 3448 1691 3504 II.
1729 3465 1784 3518 p.
1828 3451 1941 3505 117.

815 3573 848 3628 1³*
868 3553 984 3622 (ιῖζῡ
1033 3535 1437 3648 Ρῗὼι-ωιίεσὴ
1471 3619 1481 3630 .
2252 3577 2261 3586 -
2696 3579 2704 3614 4
