2734 4000
1173 177 1534 233 ...90-

249 331 328 372 148
351 325 441 384 Ibi
478 322 813 384 fabulantur
848 323 1077 384 infimae
1101 325 1315 384 aetatis
1343 295 1738 398 GrammatioL
1777 332 2088 399 postquam
2116 327 2356 387 Homeri

354 417 536 477 opera
572 401 904 476 periissent,
943 402 1225 460 incertum
1263 402 1387 475 igni
1425 418 1500 461 an
1538 408 1699 462 motu
1716 408 1913 462 terrae
1953 419 2030 463 an
2060 405 2227 477 aquis
2254 404 2356 465 ab·

116 630 161 679 5
193 676 219 698 o
240 675 251 689 ⁸
350 602 451 669 γὸς
469 638 485 663 ,
532 600 711 684 θέλων
763 598 960 718 ἑαυτῷό
987 598 1170 716 δόξανὲ
1204 600 1666 719 περιποιήσασθξὲ
1684 638 1721 686 ,Ι
1745 599 1833 650 καὶ
1885 601 1954 653 τά
1990 603 2093 653 τοῦ
2117 597 2357 686 ᾫμήρου

62 678 257 773 {ssa
343 669 717 811 «ἀείἷέῖιῖζωὲὅν
742 683 1109 805 2335502'10252
1152 664 1560 805 ἔὲἔςῗῖῗῖοῒς
1592 666 2228 804 αγὶᾏίἕῗῗρὸῗαέἕςῖῗ
2268 687 2356 790 ἔξ

352 808 543 875 μισθῷ
587 805 878 873 ὡρισμένῳ
925 803 1050 854 καθ’
1126 819 1325 854 καστον
1380 803 1476 854 στί
1507 821 1566 854 ον
1584 821 1596 835 ·
1641 804 1847 864 πάντες
1895 804 1989 856 οὖν
2039 805 2091 856 οἱ
2136 804 2358 875 ἔχοντες

58 866 280 938 1*”““*,“1
355 874 671 943 ἃπέφερον,
722 871 811 924 καὶ
865 869 1178 935 ἐλάμβανον
1230 870 1317 922 ἀδι
1543 890 1616 931 ως
1657 872 1751 924 τὸν
1798 873 2101 941 ὁρισθέντα
2133 874 2358 936 μισθόν.

57 938 81 957 “
102 926 145 959 ”
169 915 470 993 &Quen
501 940 769 993 απεδιωκε
805 938 867 990 δὲ
901 938 1028 990 οὐδὲ
1063 939 1156 990 τὸν
1193 940 1446 1007 φέροντα
1495 939 1593 1000 οὓς
1636 939 1742 1010 ἤδη
1778 941 2100 1011 ηροειλήφει
2135 940 2355 1012 στίχους

351 1007 474 1080 παρ’
517 1010 750 1078 ἑτέρου,
798 1007 935 1059 ἀλλὰ
985 1005 1216 1079 κᾴκείνῳ
1251 1008 1345 1058 τὸν
1383 1007 1551 1060 αὐτὸν
1597 1008 1850 1061 ἐπεδίδου
1895 1010 2123 1072 μισθόν·
2181 1010 2365 1062 ἐνίοτε

349 1079 424 1147 γά
511 1078 570 1129 ἐν
618 1078 806 1136 αὐτοῖς
853 1073 951 1126 ἕνα
985 1076 1019 1145 ἢ
1058 1074 1156 1125 δύο
1195 1074 1414 1145 στίχους
1458 1075 1678 1158 εὕρισκε
1715 1077 2033 1145 περιττούς,
2088 1077 2263 1129 ἐνίοτε
2299 1078 2362 1129 δὲ

350 1097 465 1199 καί)
473 1145 712 1204 πλείους·
750 1144 883 1196 ὅθεν
921 1160 1002 1203 τις
1037 1141 1154 1194 ἔσθ’
1193 1144 1291 1194 ὅτε
1323 1143 1414 1195 καὶ
1446 1143 1610 1203 ἰδιους
1644 1146 2021 1216 παρειςέφερε
2042 1186 2056 1208 ,
2104 1147 2230 1206 τοὺς
2265 1149 2360 1199 νῦν

353 1214 788 1280 δβελιζομένους.
863 1207 969 1263 Καὶ
1013 1210 1157 1274 μετὰ
1202 1212 1263 1264 τὸ
1309 1213 1521 1271 πάντας
1563 1215 1891 1281 συναγαγεῖν
1910 1252 1927 1276 ,
1980 1214 2361 1282 παρεκάλεσεν

353 1280 451 1348 οβ’
495 1283 551 1348 (ό
596 1281 784 1348 Anat.)
830 1278 1241 1362 γραμματικοὺς
1288 1281 1660 1334 συνθεῖναι
1721 1282 1798 1332 τά
1855 1285 1980 1334 τοῦ
2038 1280 2365 1352 Ὁμήρου,

353 1350 581 1403 ἕκαστον
620 1351 735 1402 κατ’
770 1349 928 1414 ἰδιαν,
965 1349 1112 1407 ὅπως
1144 1344 1209 1397 ἂν
1248 1346 1382 1417 δόξῃ
1422 1365 1456 1400 τ
1536 1350 1853 1402 συντεθέντι
1873 1350 2050 1409 καλῶς
2070 1349 2237 1420 ἔχειν,
2273 1350 2363 1404 ἐπὶ

351 1420 537 1489 μισθῷ
570 1420 836 1486 πρέποντι
870 1415 1097 1483 λογικοῖς
1124 1415 1358 1484 ἀνδράσι
1391 1434 1460 1468 κα
1513 1435 1545 1468 κ
1588 1420 1726 1478 ιταῖς
1758 1419 2091 1487 ποιημάτων,
2146 1418 2364 1489 ἑκάστῳ

353 1487 604 1545 δεδωκὼς
654 1486 866 1543 πάντας
913 1485 1043 1543 τοὺς
1089 1485 1303 1554 στίχους
1350 1487 1471 1536 κατ’
1507 1485 1526 1536 ἰ
1562 1486 1666 1547 ίαν,
1703 1488 1868 1545 ὅσους
1902 1486 1968 1555 ἦν
2007 1487 2327 1555 συναγαγών
2348 1505 2364 1519 ·

352 1557 439 1610 καὶ
471 1555 615 1619 μετὰ
650 1555 713 1607 τὸ
749 1551 977 1604 ἕκαστον
1016 1554 1299 1605 συνθεῖναι
1331 1554 1469 1605 κατὰ
1504 1556 1603 1625 τὴν
1641 1554 1840 1608 ἑαυτοῦ
1886 1554 2104 1625 γνώμην
2124 1594 2140 1621 ,
2192 1556 2271 1614 εἷς
2304 1555 2364 1607 ἓν

354 1624 627 1694 συνήγαγε
674 1624 882 1679 πάντας
928 1620 1054 1679 τοὺς
1099 1620 1505 1739 προλεέθὲντας
1555 1623 1964 1691 γραμματικοὺς
1983 1662 1997 1684 ,
2046 1623 2368 1690 ὀφείλοντας

355 1692 620 1751 ἐπιδεῖξαι
655 1691 808 1760 αὐτῷ
844 1688 1069 1741 ἕκαστον
1108 1691 1204 1757 τὴν
1242 1689 1262 1740 ί
1295 1689 1380 1741 ίαν
1419 1690 1697 1752 σύνθεσιν,
1735 1709 1811 1743 πα
1852 1692 2024 1744 όντων
2061 1693 2198 1754 ὁμοῦ
2234 1692 2368 1744 πάν-

354 1780 480 1814 των.
545 1757 704 1812 Οὗτοι
738 1760 829 1812 οὖν
869 1757 1290 1825 ἀκροασάμενοι,
1332 1757 1402 1809 οὐ
1437 1760 1579 1826 πρὸς
1615 1757 1752 1827 ἔριν,
1828 1759 1925 1812 λλά
1960 1779 1999 1812 π
2047 1761 2108 1819 ὸς
2141 1761 2205 1813 τὸ
2239 1760 2361 1829 ἀλη-

352 1831 467 1898 θές,
502 1828 591 1880 καὶ
625 1830 732 1880 πᾶν
771 1827 834 1880 τὸ
870 1825 941 1897 τῇ
979 1826 1180 1895 (πάντῃ
1219 1825 1408 1888 Anat.)
1444 1827 1590 1897 τέχν,
1651 1828 1916 1896 ἁρμόζον,
2004 1846 2196 1896 κριναν
2234 1829 2362 1881 πάν-

354 1916 448 1958 τες
480 1898 632 1967 κοινῇ
669 1895 754 1947 καὶ
788 1899 887 1958 ὁμο
931 1892 1103 1954 ώνως,
1144 1897 1505 1962 ἐπικρατῆσαι
1540 1846 1640 1964 τῖν
1666 1897 1933 1948 σύνθεσιν
1959 1897 2044 1949 καὶ
2070 1897 2364 1966 διόρθωσιν

352 1965 701 2036 Ἀριστάρχου
737 1965 826 2016 καὶ
860 1913 1197 2034 ἦνοδότου·
1235 1962 1323 2014 καὶ
1358 1963 1516 2015 πάλιν
1544 1962 1761 2033 ἔκριναν
1788 1969 1898 2018 τῶν
1921 1964 2019 2017 δύο
2047 1965 2365 2018 συνθέσεών

354 2053 419 2088 τε
465 2034 553 2085 καὶ
588 2033 945 2102 διορθώσεων
993 2029 1248 2095 βελτίονα
1305 2033 1406 2102 τὴν
1439 2031 1806 2104 Ἀριστάρχου.
1880 2031 2017 2086 Ἐπει
2063 2035 2077 2051 “
2124 2035 2186 2086 δέ
2221 2051 2367 2094 τινες

355 2108 464 2156 τῶν
503 2103 922 2169 συναγαγόντων
960 2098 1088 2157 τοὺς
1115 2099 1441 2168 Ὃμηρικοὸς
1474 2102 1693 2170 στίχους
1728 2105 1864 2170 πρὸς
1898 2104 1989 2155 τὸν
2082 2102 2363 2171 εισίστρα,

354 2191 464 2238 τον,
502 2169 589 2221 διὰ
623 2170 686 2222 τὸ
723 2169 942 2221 πλείονα
973 2168 1171 2229 μισθὸν
1208 2167 1422 2233 λαβεῖν,
1473 2170 1558 2220 καὶ
1592 2169 1754 2229 ἰδίους
1786 2170 2025 2242 στίχους,
2073 2171 2147 2230 ὡς
2180 2170 2367 2239 προεί-

353 2257 533 2310 ρηται,
570 2237 909 2303 σκεψάμενοι
947 2236 1304 2307 προςέθηκαν,
1343 2237 1430 2288 καὶ
1464 2237 1567 2307 ἤδη
1605 2239 1663 2288 ἐν
1684 2238 1952 2309 συνηθείᾳ
1981 2240 2236 2307 ἐγένοντο
2257 2242 2368 2298 τοῖς

353 2306 839 2376 ἀναγινώσκουσιν·
878 2306 974 2356 οὐκ
1011 2302 1178 2356 ἔλαθε
1216 2309 1383 2358 τοῦτο
1421 2306 1551 2365 τοὺς
1583 2297 1967 2376 nepem&
2004 2308 2104 2370 μὲν
2142 2307 2229 2358 διὰ
2263 2309 2365 2376 τὴν

355 2377 650 2445 συνήθειαν
698 2374 787 2426 καὶ
832 2373 1102 2443 πρόληψιν
1153 2373 1363 2442 ἀφῆκαν
1414 2374 1611 2434 αὐτοὺς
1661 2377 1898 2438 κεῖσθαι,
1952 2375 2272 2441 ὀβελίσκους
2306 2375 2370 2427 δὲ

354 2445 567 2513 ἑκάστῳ
613 2447 722 2495 τῶν
777 2442 1039 2505 ἀδοκίμων
1085 2441 1174 2492 καὶ
1219 2441 1520 2511 ἀλλοτρίων
1573 2443 1662 2494 καὶ
1712 2444 1947 2503 ἀναξίων
2000 2448 2100 2495 τοῦ
2135 2446 2364 2513 ποιητοῦ

355 2514 556 2583 στίχων
595 2511 1043 2580 παρατιθέμενοι.
1096 2514 1262 2562 τοῦτο
1297 2509 1432 2562 αὐτὸ
1468 2510 1844 2573 ἐπεδείξαντο,
1896 2513 1970 2572 ὡς
2003 2512 2225 2572 ἀνάξιοί
2255 2512 2363 2565 εἰσι

354 2584 454 2633 τοῦ
483 2578 746 2649 Ὃμήρου.
817 2578 870 2633 Ν
871 2594 941 2632 on
975 2577 1192 2633 indocta
1216 2585 1355 2644 sunt,
1409 2594 1548 2646 quae
1584 2579 1654 2632 in.
1676 2580 1760 2633 his
1795 2580 2078 2647 postremis
2113 2580 2164 2633 le
2242 2586 2369 2633 ntur

355 2647 422 2702 de
470 2648 735 2716 suspectis
781 2647 1023 2701 versibus
1076 2643 1133 2700 in
1181 2663 1280 2701 sua
1325 2647 1452 2702 sede
1489 2647 1720 2701 relictis:
1769 2665 1876 2716 qua
1913 2649 1984 2707 de,
2015 2665 2075 2702 re
2110 2649 2167 2701 in
2288 2647 2366 2702 di·

353 2732 470 2771 cam
506 2716 560 2769 in
598 2715 892 2770 Zenodoto.
962 2715 1191 2769 Brevius
1225 2714 1373 2769 aliud
1408 2715 1584 2769 Schol.
1620 2715 1774 2769 euius
1808 2716 2021 2770 initium
2056 2716 2112 2769 in
2145 2721 2256 2769 not.
2279 2719 2365 2770 39.

353 2784 495 2853 dedi,
533 2785 611 2838 sic
645 2790 832 2837 narrat
866 2783 932 2837 de
968 2784 1277 2838 Pisistrato:
1338 2781 1565 2854 Ἐθέλη
1585 2802 1661 2836 σε
1699 2787 1819 2853 τὴν
1850 2784 2138 2854 Ὁμήρου
2174 2785 2365 2853 ποίη-

355 2872 460 2906 σιν
511 2852 860 2922 ἔγγραφον
911 2852 1538 2921 διαφυλάττεσθαι·
1587 2854 1820 2921 προθεὶς
1866 2855 1928 2906 δὲ
1977 2855 2163 2922 ἀγῶνα
2210 2853 2366 2923 δημο-

355 2921 487 3009 τελῆ
504 2962 519 2984 ,
568 2923 656 2973 καὶ
691 2919 955 2991 κηρύξας,
1000 2922 1092 2972 καί
1132 2921 1260 2980 δοὺς
1307 2918 1494 2978 ἄδειαν
1534 2925 1648 2980 τοῖς
1682 2921 1855 2974 εἰδόσι
1891 2921 1981 2974 καὶ
2014 2921 2368 2987 βουλομένοις

355 2990 424 3042 τὰ
479 2989 700 3059 Ομήρου
759 2989 1188 3050 ἐπιδείκνυσθαι,
1243 2992 1332 3042 καὶ
1382 2990 1583 3053 μισθὸν
1648 2988 1817 3049 τάξας
1869 2991 2058 3061 στίχου
2121 2991 2365 3043 ἑκάστου

356 3058 574 3122 ὀβολόν,
613 3057 819 3127 συνήγα
856 3074 916 3109 εν
955 3057 1280 3130 ὁλοσχερεῖς
1315 3058 1415 3118 τὰς
1450 3057 1642 3120 λέξεις,
1677 3057 1766 3110 καὶ
1801 3060 2119 3128 παρέδωκεν
2146 3059 2369 3127 ἀνθρώ·

355 3124 1253 3258 πῖἕᾷἕέφέἷὲωἶῗαῖῗσῖἶίἷῖἑῖὶ,
1306 3126 1783 3252 Ηξῗαιὲῗῗῗηὲἓῖιὲ
1816 3127 2370 3249 ἓῖῆᾜὲῗὼλῃὲἒέ

351 3213 464 3314 ζου
499 3261 603 3313 seri
643 3267 848 3329 turam,
895 3261 991 3313 sed
1035 3262 1193 3313 solam
1229 3213 1685 3315 διδασκαλίαν
1723 3263 2116 3331 rhapsodorum
2150 3278 2363 3317 conser-

355 3328 530 3381 vando
624 3344 809 3382 omero
848 3329 1144 3382 adhibitam
1184 3345 1301 3384 esse
1351 3330 1496 3385 dicit.
1588 3330 1722 3384 Tam
1772 3332 1969 3385 diserte
2017 3332 2153 3386 haec
2203 3346 2364 3385 nemo

357 3396 515 3449 docet
548 3404 769 3463 praeter
802 3397 1120 3464 Iosephum3
1155 3405 1214 3451 at
1249 3398 1439 3453 eadem
1474 3406 1655 3453 tamen
1692 3398 1887 3454 docent
1924 3415 2124 3454 omnes.
