2734 4000
1240 246 1598 307 „53-

416 397 713 458 commode
741 397 962 457 absolvi
1066 398 1197 458 tuit.
1248 399 1317 458 In
1342 396 1477 460 aliis
1507 398 1885 475 Carminibus,
1924 402 2075 462 utin
2103 400 2423 483 Καταλόγῳ

387 474 581 544 *mim
618 475 680 532 ιιι
719 471 891 552 Κόλῳ
1007 494 1110 555 χῃ,
1149 481 1335 535 artem
1375 476 1656 551 rhapsodi
1695 483 2017 553 spectatam
2053 486 2214 554 puto,
2255 497 2424 556 prae-

415 552 617 610 sertim
644 567 715 628 ‚m
753 551 1031 625 legitimis
1070 554 1506 627 certaminibus,
1547 559 1614 614 ut
1639 571 1768 617 cum
1795 556 2009 628 ceteris
2035 561 2174 631 apte
2202 559 2426 618 coirent

415 633 477 686 et
516 627 753 702 elegans
787 626 952 709 ῥάφη
993 627 1346 690 efficeretur:
1388 631 1475 705 ιιι-
1491 647 1605 703 quo
1644 637 1841 692 tamen
1865 632 2024 692 haud
2050 632 2226 694 dubie
2252 636 2423 708 plura

413 720 523 778 per
561 706 799 765 saecula
833 705 979 765 nihil
1021 712 1242 766 certum
1283 713 1344 766 et
1386 714 1656 768 constans
1694 707 1823 782 fuit,
1862 725 2037 782 quum
2062 726 2158 770 res
2187 712 2359 773 modo
2389 727 2426 773 a

413 782 556 863 locis
610 799 681 841 ac
728 783 1085 858 temporibus
1141 783 1428 844 recitandi
1443 830 1460 858 ,
1510 786 1683 847 modo
1721 786 1796 847 ab
1834 787 2068 861 ingenio
2107 788 2170 848 et
2208 789 2421 851 iudicio

414 857 836 933 rhapsodorum
875 860 1179 935 penderet.

1280 1037 1569 1115 XXVI.

309 1215 386 1255 109
566 1186 732 1247 Haec
757 1186 968 1259 omnia,
1009 1201 1160 1259 quae
1187 1190 1461 1246 accurate
1491 1187 1735 1261 exposui
1760 1184 1835 1245 de
1860 1190 2122 1259 tempore
2148 1190 2423 1261 receptae

412 1265 662 1339 primum
710 1263 869 1338 apud
915 1263 1176 1324 Graecos
1232 1263 1559 1337 scripturae
1572 1305 1591 1333 ,
1641 1262 1717 1322 de
1755 1262 1949 1337 prisco
1986 1262 2424 1336 pangendorum

413 1340 955 1416 prodendorumque
980 1340 1309 1400 carminum
1335 1356 1518 1412 more,
1546 1339 1621 1399 de
1639 1338 1964 1413 rhapsodis,
1991 1339 2176 1398 unicis
2196 1339 2425 1400 illorum

415 1418 807 1495 depositarii8‚
835 1416 1124 1490 quaedam
1151 1416 1316 1489 quasi
1345 1413 1651 1494 προτέλεια
1677 1422 1813 1476 sunt
1832 1415 2098 1475 diversae
2121 1422 2182 1475 et
2200 1416 2423 1477 altioris

412 1495 788 1568 quaestionis.
838 1493 906 1552 In
939 1493 1052 1553 hac
1088 1499 1334 1568 repente
1381 1494 1564 1554 omnis
1593 1509 1830 1569 campus
1865 1492 2272 1567 disputationis
2302 1510 2425 1553 mu-

410 1577 587 1641 tatur,
618 1576 966 1630 evanescunt
990 1569 1171 1630 ferme
1199 1569 1449 1645 vestigia
1480 1569 1780 1644 historica,
1821 1576 1882 1630 et
1920 1569 1980 1627 in
2012 1569 2201 1629 locum
2227 1585 2425 1630 eorum

413 1648 646 1722 trepide
674 1647 937 1707 succedit
962 1649 1297 1707 coniectura
1323 1653 1386 1708 et
1410 1647 1799 1720 ratiocinatio,
1839 1662 1955 1706 non
1978 1661 2263 1718 quaerens
2303 1647 2423 1720 illa,

413 1724 554 1797 quid
580 1724 934 1798 Herodotus,
973 1723 1114 1797 qnid
1139 1724 1331 1798 Plato,
1372 1720 1515 1796 quid
1539 1740 1794 1784 summus
1820 1723 2169 1784 Aristoteles
2198 1723 2423 1798 afferat,

409 1800 518 1860 sed
558 1800 701 1874 quid
740 1816 813 1860 ex
848 1801 1150 1876 principiis
1189 1800 1341 1861 bene
1380 1802 1632 1876 provisis
1660 1806 1904 1876 cogatur
1930 1805 1990 1859 et
2018 1798 2320 1874 efficiatur,
2361 1800 2426 1860 id

414 1893 619 1939 severo
667 1877 883 1939 iudicio
932 1893 1288 1953 persequens
1340 1884 1403 1938 et
1455 1894 1585 1937 cum
1633 1878 1765 1953 ipsa
1811 1884 2023 1937 natura
2061 1892 2423 1952 comparans.

418 1953 796 2016 Coniecturae
835 1955 1166 2016 huiusmodi
1216 1954 1393 2017 hodie
1433 1955 1640 2030 vulgus
1681 1953 1964 2015 infamare
2003 1955 2154 2015 solet
2191 1955 2422 2016 nomine

413 2032 838 2107 hypothesium.
898 2032 1065 2092 Dura
1103 2031 1384 2093 conditio:
1435 2050 1540 2093 nos
1577 2038 1771 2093 tamen
1809 2032 1911 2091 diu
1947 2032 2202 2091 cunctati
2242 2038 2302 2092 et
2328 2049 2425 2093 ex·
2486 2031 2505 2046 “

410 2115 767 2183 spectanteS,
796 2108 932 2169 dum
952 2107 1368 2183 praefidentior
1387 2110 1534 2170 alius
1552 2109 1664 2170 hoc
1682 2109 1944 2183 auderet,
1965 2125 2080 2169 non
2098 2115 2421 2170 metuamus

413 2186 634 2247 diutius
671 2185 880 2259 famae,
934 2186 1387 2261 planissimeque
1424 2188 1623 2246 statim
1662 2187 1942 2257 dicamus,
1980 2184 2135 2258 quod
2174 2202 2271 2245 res
2313 2192 2420 2246 est.

567 2262 816 2323 Videtur
852 2263 1053 2335 itaque
1092 2278 1165 2323 ex
1202 2262 1319 2322 illis
1357 2264 1524 2336 sequi
1549 2263 1899 2336 necessario,
1938 2269 2424 2341 Q

417 2346 478 2400 et
559 2355 591 2400 e
666 2345 803 2429 etna
842 2340 996 2399 serie
1036 2339 1418 2399 deductorum
1457 2357 1492 2399 o
1537 2357 1698 2400 erum
1734 2338 1976 2401 formam
2003 2355 2041 2398 a
2064 2355 2103 2398 n

414 2432 525 2476 nec
575 2356 613 2476 3¹
856 2409 867 2430 '
1007 2410 1016 2429 “
1166 2432 1277 2475 nec
1316 2410 1608 2477 elaborari
1688 2417 1905 2477 otuisse
1944 2416 2069 2475 sine
2109 2414 2422 2477 artificioso

417 2492 764 2630 adminiffiilo
803 2493 1136 2562 memoriae.
1204 2491 1383 2553 Coelo
1422 2484 1605 2553 demis'
1607 2509 1732 2553 sum
1757 2489 1818 2552 ιιι·
1819 2493 2050 2567 genium
2078 2492 2278 2552 demus
2304 2492 2424 2554 Ho—

413 2585 595 2643 mero,
693 2570 1046 2630 tissimarum
1085 2586 1271 2644 capax
1301 2570 1735 2644 cogitationum,
1776 2571 1985 2644 quibus
2010 2569 2335 2630 divinarum
2361 2576 2425 2631 et

413 2646 794 2707 humanarum
817 2661 1015 2706 rerum
1033 2648 1285 2707 omnium
1305 2647 1608 2707 scientiam
1632 2646 1991 2719 exhauserit3
2017 2647 2097 2707 sit
2120 2646 2219 2707 ille
2236 2646 2422 2720 nobis,

415 2729 484 2783 ut
520 2723 778 2784 Velleius
819 2724 934 2797 ait,
985 2723 1114 2783 sine
1153 2723 1417 2798 exemplo
1453 2725 1738 2784 maximus
1777 2730 1840 2783 et
1877 2724 2003 2784 sine
2041 2724 2298 2784 aemulo:
2351 2739 2424 2784 ac

415 2815 557 2860 sane
595 2816 887 2872 nunquam
925 2800 1083 2860 illius
1117 2800 1354 2860 ⁴luminis
1395 2801 1671 2875 splendor
1707 2800 1918 2859 iterum
1957 2799 2268 2873 exorietur,
2307 2801 2422 2860 nisi

313 2901 391 2941 no
416 2877 662 2937 alteram
701 2876 1010 2938 Graeciam
1048 2883 1383 2937 nascentem
1420 2877 1638 2937 viderit
1672 2877 1859 2939 orbis:
1910 2878 1990 2937 sit
2025 2876 2144 2949 ille,
2197 2878 2298 2950 qui
2336 2878 2423 2936 ιιι-

418 2953 592 3026 genio
630 2969 809 3027 supra
846 2960 1046 3013 omnes
1086 2954 1319 3029 eminet,
1359 2955 1517 3026 quod
1555 2959 1793 3029 praeter
1815 2958 2084 3014 naturam
2111 2958 2220 3026 est,
2257 2953 2422 3014 lima-

414 3032 671 3090 tissimus
722 3029 876 3089 idem
919 3035 982 3090 et
1018 3031 1176 3091 omni
1212 3036 1343 3091 arte
1383 3029 1869 3104 perfectissimus:
1927 3046 2002 3090 ne
2040 3030 2149 3090 tali
2185 3029 2422 3103 quidem

413 3106 629 3167 homini
679 3106 860 3166 tribui
908 3111 1107 3181 potest
1150 3107 1241 3181 id,
1291 3107 1448 3180 quod
1500 3123 1737 3182 prorsus
1772 3107 2148 3167 humanitatis
2184 3122 2256 3166 ca

417 3189 685 3272 suffit—at,
753 3189 814 3243 et
864 3184 960 3243 cui
1008 3189 1206 3245 mente
1253 3184 1693 3259 complectendo
1741 3184 1903 3245 locus
1953 3189 2016 3244 et
2058 3188 2308 3244 materia
2359 3189 2423 3243 et

416 3339 1220 3464 gomsstffvffssomm
1261 3342 1326 3396 11.
1361 3338 1423 3397 Ε.
1579 3343 1653 3398 od
1915 3355 2026 3399 una
2070 3358 2194 3399 cum
2227 3346 2419 3399 tenore

1060 3409 1516 3467 adven-saturem
1537 3425 1570 3467 ο
1593 3408 1645 3465 V
1768 3411 1952 3480 enai-ii,
1986 3410 2215 3468 delentis
2236 3409 2420 3481 verbo,

417 3475 478 3525 ἐν
515 3475 815 3545 Amandone
847 3477 1118 3549 ἀριστιίῃ.
2229 3547 2239 3553 ,Α
2348 3553 2351 3556 Α
