2734 4000
1263 275 1491 329 -100
1543 298 1621 311 —-

437 425 698 485 revocari
737 430 934 499 potest
970 424 1155 484 maior
1210 437 1482 487 numerus
1531 422 1955 482 illiteratorum.
2034 421 2241 495 Neque
2279 423 2439 482 illam

440 503 582 565 Satis
620 507 830 562 norant
870 501 1225 561 Graecorum
1263 498 1607 558 doctissimi.
1650 498 1904 571 alioquin
1930 498 2247 558 Homerum
2273 517 2442 558 suum

440 584 501 639 et
536 580 723 638 lenius
761 580 1209 652 vituperassent,
1249 592 1358 635 nec
1397 580 1560 635 tanto
1588 592 1873 636 consensu
1900 577 1958 635 ei
1983 577 2235 636 omnium
2259 577 2441 639 maxi-

437 672 658 716 marum
695 672 893 715 rerum
931 655 1234 715 scientiam
1273 653 1629 713 tribuissent

590 733 719 793 Hoc
767 733 867 805 qui
904 731 1150 791 fecerint
1189 736 1250 790 et
1287 729 1611 803 quomodo,
1663 746 1771 804 per
1808 710 2002 791 omnia
2040 732 2274 791 saecula
2312 747 2445 805 per·

437 810 618 883 sequi,
658 808 961 882 fontesque
1002 814 1064 868 et
1099 808 1315 868 rivulos
1357 807 1709 897 allegoricae
1748 808 2247 882 interpretationis
2275 808 2440 868 inda-

428 892 601 959 'gare
637 887 846 959 longae
871 887 1149 945 historiae
1175 885 1425 944 materia
1451 890 1556 942 est.
1625 885 1895 944 Socrates
1925 886 2178 958 quidem,
2208 886 2444 961 sap1ei1S

416 962 509 1022 ἰἰι
545 964 746 1037 primis
793 963 1046 1035 sobriuS,
1105 963 1264 1022 illam
1312 978 1429 1020 non
1492 962 1606 1019 nisi
1667 960 1922 1022 ludendo
1980 964 2207 1036 attigit3
2270 980 2443 1037 quem

332 1057 408 1097 164
437 1039 646 1099 deinde
687 1038 1108 1112 quodammodo
1147 1045 1380 1098 secutus
1421 1043 1514 1096 est
1551 1038 1742 1109 Plato,
1785 1039 1887 1098 ubi
1923 1042 2287 1114 populariter
2312 1041 2446 1114 phi-

434 1116 875 1192 Iosophaturffi).
953 1117 1036 1176 At
1073 1116 1229 1175 idem
1268 1117 1329 1174 in
1369 1131 1441 1175 eo
1481 1131 1679 1188 opere,
1719 1117 1778 1173 in
1806 1132 1919 1188 quo
1947 1134 2170 1176 morum
2196 1120 2446 1191 optimo-

434 1210 563 1253 rum
604 1199 664 1253 et
702 1195 951 1254 civitatis
993 1193 1254 1254 omnibus
1293 1191 1560 1266 partibus
1600 1190 1895 1266 perfectae
1925 1196 2224 1268 exemplar
2250 1192 2443 1261 defor-

435 1272 638 1344 mavit,
690 1273 845 1330 clare
894 1269 1211 1344 Significat,
1268 1270 1382 1328 sibi
1433 1285 1506 1328 ea
1554 1285 1669 1329 non
1718 1269 1904 1329 videri
1958 1286 2096 1331 vere
2147 1274 2337 1331 inesse
2378 1273 2442 1329 in

434 1348 718 1421 Homero,
767 1364 918 1420 quae
968 1349 1284 1438 allegorica
1331 1348 1447 1405 ista
1486 1346 1637 1406 ratio
1678 1352 2019 1407 ostentaret.
2098 1349 2222 1408 Iam
2263 1365 2440 1421 quum

434 1425 810 1499 philosophus
849 1426 967 1499 ille,
1007 1426 1244 1514 primus,
1285 1428 1353 1482 ut
1390 1423 1556 1482 nobis
1596 1423 1846 1497 videtur,
1889 1441 1961 1483 ex
2003 1426 2224 1498 aliquot
2266 1440 2442 1498 gene-

434 1502 623 1574 ribus,
684 1503 930 1561 maxime
989 1502 1216 1561 scenico
1229 1546 1244 1574 ,
1305 1501 1575 1574 poeticae
1632 1502 1746 1559 arti
1805 1507 2074 1561 naturam
2134 1501 2441 1576 affingeret

429 1578 684 1667 μᾲιησιν,
736 1581 894 1638 leves
936 1584 1131 1637 autem
1169 1583 1407 1652 putaret
1447 1583 1508 1636 et
1547 1575 1731 1636 fluxas
1782 1594 1877 1637 res
1920 1595 2079 1652 esse,
2129 1580 2191 1638 in
2230 1579 2440 1652 quibus

430 1656 534 1714 illa
566 1655 801 1746 μίμησις
837 1642 1186 1727 versaretur,
1230 1655 1634 1727 (stabilitatem
1675 1655 1825 1713 enim
1867 1661 1929 1715 et
1965 1657 2273 1716 veritatem
2298 1657 2439 1716 Solis

432 1732 579 1792 ideis
620 1734 739 1792 suis
778 1732 1117 1805 tribuebat,)
1158 1700 1306 1790 l'ianc
1345 1736 1549 1803 artem,
1590 1737 1796 1804 utpote
1837 1734 2011 1794 tertio
2041 1734 2228 1807 gradu
2252 1750 2440 1792 remo-

430 1814 551 1868 tam
591 1826 627 1868 a
653 1810 893 1869 coelesti
919 1810 1184 1878 veritate,
1226 1811 1414 1882 ipsam
1441 1824 1668 1880 quoque
1695 1826 1902 1868 vanam
1929 1810 2433 1870 contemnendam-

430 1902 542 1957 que
583 1892 646 1945 et
681 1903 921 1959 pravam
958 1887 1298 1958 magistram
1335 1887 1493 1944 vitae
1536 1901 1664 1943 esse
1707 1886 2141 1947 demonstrabat
2158 1886 2251 1959 26).
2321 1888 2440 1946 Ita-

429 1979 541 2034 que
592 1970 653 2022 et
699 1963 1015 2023 Homerum
1065 1969 1124 2023 et
1172 1963 1451 2036 Tragicos
1502 1978 1631 2021 cum
1682 1965 1837 2023 omni
1888 1980 2068 2038 grege
2133 1961 2437 2043 αφῳδῶν,

418 2040 724 2175 ᾗιορευτῶν
766 2047 825 2100 et
862 2041 1233 2100 musicorum·
1252 2057 1325 2099 ex
1362 2057 1511 2100 nova
1539 2041 1776 2099 civitate
1806 2042 2021 2101 eduxit.
2089 1980 2437 2101 ffrimariam

488 2135 578 2176 1us
638 2118 983 2176 sententiam
1048 2116 1122 2176 de
1183 2123 1310 2176 arte
1377 2119 1608 2191 poetica
1659 2119 1917 2192 suscepit
1974 2119 2435 2179 Aristotelesm
2378 2119 2390 2130 ’

425 2195 877 2254 celebratissimo
917 2194 1134 2264 libello,
1175 2200 1497 2254 correctam
1536 2194 1769 2267 quidem
1795 2196 2014 2269 passim
2043 2213 2079 2254 a
2103 2212 2185 2269 se,
2227 2211 2428 2254 verum

423 2287 497 2330 ne
538 2271 623 2330 sic
661 2271 893 2344 quidem
935 2272 1299 2344 explicatam,
1339 2276 1406 2329 ut
1445 2272 1650 2343 cuique
1691 2274 1894 2345 generi
1923 2272 2249 2332 Carminum
2289 2273 2437 2331 satis

424 2349 789 2408 conveniret:
841 2348 989 2409 adeo
1044 2348 1457 2408 didascalicum
1507 2364 1688 2421 genus
1730 2349 1803 2409 ab
1847 2366 1933 2409 eo
1956 2367 2194 2423 prorsus
2237 2351 2429 2409 exclu-

425 2424 598 2483 ditur.
696 2426 900 2498 Neque
971 2431 1105 2498 post
1151 2425 1528 2492 Aristotelem
1593 2426 1896 2499 quisquam
1954 2421 2431 2500 philosophorum

320 2518 395 2558 165
425 2518 620 2561 veram
659 2502 773 2561 vim
812 2503 970 2560 illius
1011 2503 1153 2562 artis
1196 2508 1299 2561 aut
1335 2503 1674 2562 historicam
1700 2503 2243 2578 interpretationem
2269 2509 2433 2563 recte

423 2584 726 2638 assecutus
776 2578 1022 2638 videtur.
1111 2580 1264 2639 Nam
1315 2579 1452 2638 dum
1503 2580 1782 2654 Epicurei
1831 2598 2057 2640 omnem
2117 2582 2320 2653 poesin
2373 2587 2436 2638 et

421 2657 699 2715 musicam
736 2656 1098 2729 reiiciebant,
1140 2655 1547 2728 negabantque
1589 2657 1694 2715 sub
1722 2656 1964 2716 Homeri
2002 2656 2214 2716 fabulis
2240 2659 2432 2716 latere

423 2732 761 2804 doctrinam,
804 2738 1035 2791 ceterae
1077 2738 1273 2792 sectae
1312 2750 1522 2806 magno
1563 2733 1758 2792 studio
1800 2734 1877 2793 ad
1902 2740 2131 2794 veteres
2160 2731 2431 2798 ὑπονοίας

421 2809 815 2882 recurrebant,
872 2809 1052 2871 Stoici
1090 2811 1151 2867 in
1190 2810 1409 2883 primis,
1459 2811 1633 2879 Zeno,
1679 2810 2005 2884 CleantheS,
2049 2811 2428 2884 ChrysippuS,

424 2901 496 2943 ex
535 2903 775 2959 quorum
815 2887 1045 2960 scriptis
1085 2887 1391 2946 maximam
1433 2893 1663 2961 partem
1705 2904 1776 2947 ea
1814 2894 1947 2947 sunt
1985 2890 2224 2960 hausta,
2279 2904 2431 2960 quae

421 2962 762 3022 Heraclides
791 2980 836 3021 s.
866 2964 1216 3036 HeraclituS,
1261 2963 1567 3037 CornutuS,
1607 2964 1951 3024 Eustathius
1980 2966 2244 3041 afferunt.
2306 2965 2432 3023 Illis

421 3045 616 3099 autem
655 3056 719 3098 se
746 3040 1018 3114 opposuit
1042 3039 1439 3111 AristarchuS,
1479 3041 1672 3100 verbis
1699 3046 1910 3115 poetae
1938 3042 2153 3115 ubique
2175 3029 2434 3100 ‘fideliter

554 3203 627 3269 2⁵)
660 3201 743 3256 De
763 3201 982 3256 Socrate
1017 3200 1240 3270 insignis
1274 3202 1425 3256 locus
1463 3208 1546 3256 eSt
1581 3203 1637 3256 in
1656 3202 1903 3270 Xenoph.
1922 3202 2219 3257 Memorab.
2244 3202 2288 3269 I,
2307 3206 2357 3268 3,
2378 3203 2429 3257 7.

416 3270 505 3325 Ex
548 3271 772 3325 Platone
815 3269 999 3337 plures
1043 3269 1230 3324 laudat
1279 3270 1553 3325 Schowius
1597 3269 1667 3324 ad
1699 3269 1972 3325 Heraclid.
2011 3271 2189 3338 Alleg.
2225 3287 2277 3338 p.
2306 3241 2428 3325 223.

418 3339 612 3408 quibus
645 3342 865 3407 praeter
897 3338 1031 3392 alios
1064 3338 1262 3393 multos
1299 3337 1581 3393 addendus
1617 3344 1701 3393 est
1735 3339 2266 3407 Alcib.11.p.14'7.
2380 3359 2386 3366 ·
2422 3380 2425 3383 -

537 3425 608 3504 26)
627 3423 926 3491 Praecipue
943 3402 1160 3490 legendi
1181 3431 1306 3479 Sunt
1325 3425 1578 3480 studiosis
1600 3432 1711 3481 tres
1735 3425 1858 3480 libri
1882 3426 1949 3482 de
1972 3426 2109 3495 Rep.
2133 3426 2204 3479 11.
2230 3425 2329 3480 111.
2351 3424 2424 3479 X.

418 3492 647 3547 maxime
684 3507 805 3559 ap.
843 3493 960 3546 603.
995 3506 1118 3544 cum
1151 3492 1223 3546 II.
1261 3493 1327 3547 de
1362 3493 1537 3562 Legg.
1574 3509 1694 3562 ap.
1733 3497 1853 3550 668.
1926 3504 1930 3508 ’
