2734 4000
1291 239 1514 299 -1'76
1572 270 1648 280 —

476 394 638 484 culus
686 395 764 453 sit
813 409 888 482 an
937 392 1164 453 dativus
1190 395 1573 485 pronominis,
1615 413 1688 457 ex
1727 356 1852 459 sdla
1869 397 2259 491 'inclinatione
2298 399 2468 457 intel·
2509 429 2543 495 7

472 472 687 543 ligitur.
766 470 897 528 Vid.
959 473 1205 547 exempli
1263 487 1440 530 causa
1496 465 1637 531 ἔσαν
1698 473 1758 530 οἱ
1812 475 2007 533 πεπλοι
2069 474 2177 533 Οᾱ.
2236 495 2285 535 ο.
2335 483 2463 535 105.
2519 506 2531 517 ·

478 549 651 607 etiam
691 548 758 606 11.
794 566 840 626 χ
869 554 976 606 146
1017 543 1196 625 εἲὲτώρ
1235 548 1292 605 οἷ
1327 556 1395 609 ut
1425 541 1619 628 Ἄνδρά
1648 571 1753 627 μοι
1792 547 1988 610 ἔννεπε
2027 587 2096 596 -
2140 548 2282 608 ἄλλο’
2323 572 2395 610 τι.

1426 764 1515 838 ΙΙ.

472 903 608 987 Iam
638 924 748 995 hia
778 940 926 995 quae
957 924 1237 984 hactenus
1270 927 1558 1000 disputavi
1592 927 1664 987 de
1694 929 2108 989 mutationibus
2119 927 2192 1002 ²⁶)
2216 935 2275 987 et
2301 930 2470 988 vicis-

474 1001 818 1062 situdinibus
868 1007 1063 1060 textus
1102 1003 1414 1077 Homerici,
1465 1005 1653 1078 deque
1692 1003 1946 1064 fontibus
1988 1008 2276 1065 variarum
2316 1006 2471 1078 ejus-

470 1096 582 1153 que
620 1079 928 1138 lectionum
940 1076 1014 1151 37)
1029 1124 1044 1151 ,
1100 1080 1195 1138 via
1243 1079 1541 1154 patefacta
1591 1081 1824 1141 videtur
1870 1083 1947 1141 ad
1995 1085 2242 1148 alterum
2290 1090 2470 1158 caput

470 1157 641 1229 hujus
681 1156 1116 1229 disquisitionis,
1158 1159 1216 1214 in
1256 1174 1367 1230 quo
1408 1158 1581 1230 hujus
1623 1159 1966 1218 emendandi
1992 1161 2222 1233 generis
2248 1177 2470 1218 summa

470 1242 530 1294 et
576 1234 804 1307 potiora
822 1230 896 1303 ²⁸)
968 1240 1285 1307 praecepta
1347 1241 1409 1294 et
1477 1238 1740 1309 exempla
1801 1253 2135 1310 proponam.
2234 1237 2471 1295 Etenim

465 1317 626 1370 recte
665 1315 755 1369 est
793 1325 830 1368 a
865 1310 1125 1384 pluribus
1153 1312 1609 1371 animadversum
1621 1311 1715 1386 ²⁹),
1758 1314 1994 1372 criticae
2021 1315 2166 1372 artis
2183 1315 2472 1373 rationem

468 1390 811 1461 scriptorum
871 1388 1154 1446 varietate
1224 1389 1585 1462 ingeniorum
1646 1395 1708 1449 et
1764 1392 2167 1464 materiarum,
2225 1392 2285 1448 in
2345 1391 2471 1463 qui-

469 1466 575 1525 bus
648 1464 909 1523 elaboret
925 1508 941 1536 ,
1010 1464 1194 1538 ipsam
1263 1482 1491 1538 quoque
1552 1467 1765 1526 variari
1820 1483 2007 1539 neque
2076 1467 2279 1526 eadem
2353 1466 2471 1527 for-

466 1544 635 1611 mula¹
667 1541 883 1599 includi
931 1558 1121 1614 posse.
1200 1542 1268 1601 Id
1322 1544 1374 1601 si
1413 1560 1611 1602 verum
1653 1548 1744 1602 est
1780 1543 1840 1600 in
1880 1546 2266 1618 posteriorum
2305 1550 2470 1603 aeta-

467 1626 588 1679 tum
647 1618 1023 1690 scriptoribus
1076 1626 1290 1690 quanto
1347 1621 1536 1692 magis
1596 1619 1657 1678 id
1722 1620 1892 1679 cadet
1926 1622 1985 1678 in
2023 1622 2243 1696 priscos
2282 1627 2467 1694 vateS,

467 1712 609 1769 quos
659 1695 784 1754 sola
831 1693 1062 1755 fortuna
1113 1713 1220 1755 sua
1270 1703 1329 1755 et
1380 1698 1692 1770 propagati
1745 1704 1936 1756 textus
1984 1698 2187 1757 modus
2199 1697 2272 1769 ³⁰)
2323 1699 2467 1757 isto-

466 1790 591 1831 rum
633 1771 1039 1831 dissimillimos
1081 1769 1246 1831 facit!
1287 1774 1584 1832 Hactenus
1612 1774 1849 1833 Homeri
1892 1776 2093 1833 similis
2105 1774 2178 1845 31)
2220 1781 2310 1833 est
2351 1772 2467 1833 for-

466 1856 609 1910 tuna
644 1847 962 1908 Bibliorum
999 1855 1342 1922 nostrorum,
1382 1852 1626 1910 maxime
1666 1849 2027 1910 Iudaicorum
2052 1896 2068 1925 ,
2111 1853 2219 1911 etsi
2260 1851 2466 1910 horum

466 1927 725 1985 criticam
764 1925 1063 1985 historiam
1112 1927 1258 1985 mire
1306 1927 1636 1986 obscuravit
1646 1926 1720 2000 ⁸²)
1759 1927 2037 1987 librorum
2089 1928 2324 1987 Masora
2367 1945 2467 1987 an-

465 2005 777 2078 tiquiorum
828 2004 928 2075 qui
967 2003 1043 2063 ad
1084 2021 1210 2063 eam
1249 2006 1634 2078 pertinerent,
1677 2005 1916 2077 jactura
1953 2005 2241 2078 hujusque
2280 2007 2464 2079 ipsius

466 2080 774 2154 farraginis
794 2078 868 2152 33)
928 2082 1094 2141 ratio.
1189 2082 1305 2141 Sed
1352 2088 1420 2141 ut
1468 2082 1831 2153 conjecturas
1878 2083 2103 2141 mittam
2153 2082 2225 2141 de
2275 2083 2467 2156 prima

468 2175 664 2219 eorum
714 2154 899 2216 forma
947 2159 1145 2232 paullo
1198 2158 1537 2219 audaciores
1580 2166 1639 2217 et
1676 2159 1898 2218 levibus
1940 2160 2293 2232 argumentis
2332 2177 2466 2232 pro-

465 2236 633 2295 batas
674 2251 787 2295 non
828 2234 1204 2294 dubitandum
1243 2242 1438 2295 tamen
1476 2242 1636 2311 puto,
1679 2238 1818 2309 quin
1842 2237 2041 2311 plures
2081 2243 2280 2309 partes
2307 2237 2463 2295 illius

466 2312 658 2386 operis
667 2310 742 2384 ⁸⁴)
795 2313 1130 2372 nominatim
1178 2312 1610 2373 Pentateuchus
1663 2329 1922 2373 seorsum
1934 2312 2010 2386 35)
2049 2314 2294 2386 primum
2342 2315 2468 2371 vul-

467 2394 640 2462 gatae
701 2390 817 2447 sint
876 2396 937 2448 et
996 2406 1168 2462 quum
1233 2389 1444 2450 deinde
1491 2391 1642 2449 aliae
1693 2391 1822 2449 aliis
1871 2390 2163 2449 subnexae
2216 2391 2467 2463 novique

469 2466 739 2539 deinceps
789 2465 925 2526 libri
975 2466 1163 2526 additi
1215 2467 1410 2542 [atque
1457 2468 1517 2526 in
1571 2482 1736 2527 sacro
1775 2468 1901 2527 loco
1939 2466 2208 2541 repositi]
2250 2474 2466 2541 essent,

469 2548 674 2617 sponte
745 2543 1031 2618 prodierit
1103 2560 1311 2618 corpus
1387 2544 1676 2617 quoddam
1756 2550 1817 2603 et
1879 2545 2041 2603 velut
2109 2543 2468 2604 bibliotheca

468 2637 650 2680 sacra.
715 2619 1029 2693 Postquam
1069 2627 1262 2680 autem
1300 2606 1549 2697 popul'us
1590 2638 1662 2680 ex
1687 2620 2039 2694 Babylonico
2081 2620 2251 2680 exilio
2278 2621 2469 2680 redux
2547 2649 2553 2654 ·

472 2697 545 2756 de
584 2697 828 2771 publicis
868 2698 961 2757 vel
1000 2698 1180 2766 sactis
1220 2699 1339 2757 suis
1376 2698 1639 2770 reliquiis
1679 2698 1872 2771 aptius
1883 2696 1958 2770 3ὅ)
1998 2697 2331 2757 ordinandis
2373 2715 2468 2758 co·

473 2775 715 2848 gitabat,
773 2775 895 2833 sive
934 2775 1156 2834 Esdras
1190 2776 1336 2834 ·sive
1397 2777 1525 2848 quis
1582 2776 1730 2834 alius
1791 2774 1917 2846 eJus
1967 2775 2057 2833 rei
2095 2779 2298 2833 auctor
2335 2772 2465 2842 fuit,

460 2851 584 2923 jam
641 2857 765 2910 tum
819 2851 961 2912 nihil
1021 2852 1180 2911 aliud
1241 2867 1413 2924 quam
1470 2852 1714 2913 obscura
1763 2849 1917 2911 fama
1965 2857 2266 2912 auctorum
2316 2853 2468 2911 cele-

466 2929 636 2988 brata
690 2943 816 2988 esse
880 2928 1108 2988 videtur
1164 2944 1313 3002 quae
1375 2928 1583 2988 deinde
1644 2926 1802 2987 facta
1864 2928 2084 3001 sylloge
2142 2929 2330 3001 magis
2380 2931 2467 2987 in-

469 3005 651 3065 valuit
662 3002 754 3077 ³⁷).
797 3004 1207 3066 collectionem
1246 3007 1400 3065 enim
1434 3007 1584 3066 hanc
1622 3005 1696 3065 de
1738 3004 2025 3064 industria
2061 3003 2274 3064 factam
2314 3021 2465 3079 esse,

603 3192 677 3263 ²⁶)
699 3192 1149 3273 conversionibus,
1347 3193 1428 3273 ⁰²⁷)
1449 3194 1858 3271 scripturarum.
1979 3259 1992 3272 ·
2063 3191 2136 3258 ²⁸)
2167 3190 2465 3259 potissima.

465 3260 1413 3399 32b1⁸1²2m⁰⁰¹‘¹¹?352u120m⁸21{15²3?·
1590 3258 2191 3399 ωῗὶοῆὲῖᾱέἳῑὲψ
2282 3265 2469 3394 5²31·

466 3398 726 3454 lectionis.
941 3398 1013 3466 ³⁵)
1064 3396 1444 3466 particulatim.
1668 3398 1740 3466 ³⁶)
1784 3395 1989 3451 melius.
2191 3395 2268 3462 ⁸⁷)
2317 3393 2468 3450 facta

466 3465 779 3521 collectione
812 3462 968 3519 firma
1000 3462 1118 3518 fieri
1152 3465 1346 3534 coepit.
