2734 4000
1196 267 1557 322 -133-

366 408 500 482 ipse
525 405 848 486 φιλόμηρος
870 405 983 466 fuit
992 406 1089 481 ⁸⁵),
1131 412 1308 480 atque
1332 406 1641 480 Epiphane
1666 392 1791 465 tum
1817 405 2065 465 maxime
2090 405 2383 480 imperan-

239 514 255 535 ι
365 485 527 544 tibus
566 484 827 553 illustris.
906 484 963 544 Is
1018 484 1333 544 secundum
1376 483 1791 544 Callimachum
1831 487 1892 542 et
1928 482 2381 543 Eratosthenem

365 562 638 636 princeps
678 562 962 621 acerrimo
1001 561 1197 621 studio
1225 561 1613 633 cognitionem
1639 565 1945 634 poctarum
1973 565 2036 619 et
2059 575 2258 620 omnes
2284 561 2381 619 lit-

365 648 530 699 teras
570 638 934 711 antiquitatis
975 639 1272 712 amplexus
1285 636 1382 710 ⁸⁶),
1423 637 1500 696 ad
1541 637 1867 711 exemplum
1905 636 2378 714 philosophorum

365 721 432 775 et
468 714 766 775 rhetorum
806 715 1240 789 grammaticam
1279 714 1536 774 scholam
1575 714 1833 787 aperuit,
1890 730 1963 773 ex
2017 730 2134 786 qua
2173 719 2234 773 et
2273 714 2375 773 alii

366 791 663 851 Homerici
702 792 1068 866 prodierunt,
1124 807 1158 851 e
1197 790 1407 864 quibus
1454 790 1745 865 hodieque
1794 796 1917 850 tres
1971 791 2096 852 noti
2136 790 2376 864 sunm),

499 1001 572 1070 ⁸³)
605 1000 816 1057 Aenum
850 998 916 1057 v.
952 999 1022 1055 Η.
1057 998 1211 1068 xm,
1246 1001 1332 1054 22.

501 1085 576 1151 ⁸⁶)
611 1085 787 1141 Studii
821 1085 1125 1154 pertinacia
1158 1084 1483 1155 intelligitur
1515 1083 1750 1139 maxima
1785 1083 1952 1139 fuisse
1993 1099 2066 1139 ex
2099 1083 2232 1141 locis
2267 1086 2379 1142 Cic.

362 1153 435 1209 de
469 1153 534 1208 F.
570 1154 634 1208 B.
671 1160 728 1208 et
762 1154 841 1209 M.
879 1153 944 1222 V,
984 1157 1063 1209 19.
1102 1158 1158 1207 et
1189 1152 1452 1209 Varronis
1489 1154 1555 1209 de
1591 1153 1655 1208 L.
1691 1151 1755 1207 L.
1792 1151 1885 1208 IV.
1921 1152 2091 1221 princ.
2129 1153 2224 1208 ubi
2257 1155 2380 1209 Ari·

363 1221 618 1290 stophani
651 1224 868 1275 lucerna
902 1221 1162 1276 tribuitur
1175 1261 1189 1290 ‚
1239 1222 1403 1276 etiam
1454 1236 1524 1277 ex
1557 1220 1787 1276 ridicula
1819 1221 2130 1277 narratione
2165 1220 2378 1279 vitruv.

365 1289 542 1347 Praef.
565 1289 687 1344 VII.
756 1305 865 1358 qua
898 1309 1065 1343 omme
1098 1291 1255 1343 libros
1288 1309 1351 1343 ex
1386 1290 1570 1342 ordine
1605 1289 1829 1357 quotidie
1861 1308 2058 1341 summa
2092 1290 2371 1359 diligentia

361 1360 637 1426 ρον-ἱερῆες
682 1330 871 1414 fertur.
941 1358 1098 1425 Quod
1144 1372 1303 1412 nemo
1352 1358 1608 1414 aliorsum
1654 1359 1801 1423 (nam
1848 1356 2103 1426 pinguius
2138 1357 2381 1426 loquitur

362 1426 738 1497 Architectus)
775 1442 936 1495 quam
972 1426 1042 1481 ad
1078 1426 1349 1481 assiduam
1375 1426 1661 1481 lectionem
1685 1425 2029 1480 classicorum
2054 1426 2380 1495 scriptorum

362 1495 699 1564 docendique
736 1510 957 1563 operam
992 1493 1192 1548 trahet.
1262 1495 1367 1549 Hic
1402 1494 1535 1548 mihi
1570 1494 1627 1548 in
1662 1498 1898 1548 mentem
1934 1493 2083 1548 venit
2106 1493 2210 1549 viri
2233 1494 2381 1550 docti

359 1562 687 1618 ferventiore
710 1562 944 1633 ingenio,
980 1578 1141 1631 quem
1175 1578 1352 1631 nuper
1375 1561 1578 1631 audivi,
1614 1578 1778 1631 quum
1804 1561 2163 1631 praedicaret,
2199 1562 2379 1618 adole·

365 1631 666 1685 scentulum
714 1647 772 1687 se
809 1636 927 1686 tota
960 1630 1137 1685 Biblia
1172 1646 1330 1686 sacra
1363 1631 1509 1685 inter
1539 1630 1828 1700 prandium
1864 1635 1921 1686 et
1954 1631 2231 1701 potionem
2265 1631 2374 1686 cal·

368 1697 471 1754 dae
504 1699 773 1754 Arabicae
810 1699 1093 1768 perlegere
1129 1699 1345 1754 solitum
1382 1713 1520 1753 esse.

501 1784 575 1852 8⁷)
610 1783 879 1864 Agalliam
914 1784 1270 1853 Corcyraeum
1319 1783 1428 1838 iam
1464 1783 1595 1838 alibi
1628 1782 1878 1852 produxi.
1946 1782 2084 1839 Eius
2117 1784 2380 1841 condisci-

362 1851 522 1922 pulos
569 1869 817 1907 novimus
860 1852 1022 1922 duos,
1067 1851 1363 1907 Diodorum
1379 1892 1394 1920 ‚
1451 1852 1605 1906 cuius
1655 1851 1843 1920 inepta
1886 1854 2148 1906 correctio
2189 1852 2381 1922 Odyss.

364 1922 413 1975 δ.
454 1925 534 1976 18.
570 1922 693 1974 καθ’
731 1920 932 1981 αὐτοὺς
962 1920 1302 1989 improbatur
1335 1920 1404 1976 ab
1440 1919 1637 1975 Athen.
1662 1919 1755 1974 IV.
1792 1936 1847 1988 p.
1874 1923 1989 1975 180.
2023 1919 2091 1974 Ε.
2128 1927 2184 1975 et
2217 1920 2378 1977 huius

360 2006 479 2045 com
520 1988 737 2057 ilatore,
779 1988 1058 2058 Eustath„
1104 1988 1200 2059 qui
1243 1994 1301 2044 et
1344 2006 1400 2059 p.
1442 1992 1597 2044 1504.
1667 1989 1942 2059 Διόδωρον
1983 1986 2035 2042 Γ
2065 1990 2366 2054 αμματικὸν

359 2059 454 2113 lau
525 2062 565 2125 t,
601 2057 669 2112 ab
705 2058 815 2126 illo,
850 2063 912 2113 ut
945 2064 1096 2127 puto,
1131 2064 1189 2112 et
1224 2073 1306 2126 eo,
1353 2059 1507 2114 cuius
1542 2056 1717 2113 Schol.
1755 2056 1906 2112 Pind.
1943 2057 2025 2111 Ist
2062 2074 2131 2111 m.
2166 2058 2240 2127 11,
2276 2063 2360 2113 54.

360 2126 633 2193 meminit,
684 2143 792 2181 non
828 2126 1126 2194 diversum,
1173 2131 1339 2195 atque
1375 2125 1768 2193 Callistratum,
1826 2126 1919 2194 qui
1971 2141 2059 2194 ap.
2096 2126 2293 2181 Athen.
2329 2126 2378 2181 1.

359 2210 414 2265 p.
451 2198 535 2249 21.
574 2194 618 2248 C
670 2195 1043 2249 Aristarchum
1078 2194 1278 2249 acriter
1311 2195 1562 2263 castigat,
1598 2209 1706 2248 non
1729 2193 1798 2247 ob
1824 2194 2022 2248 malam
2048 2192 2378 2249 emendatio·

359 2278 499 2330 nem,
536 2260 632 2316 sed
666 2261 809 2331 quod
845 2263 896 2317 ei
919 2264 1133 2329 poleium
1159 2264 1447 2316 dimdium
1471 2265 1655 2328 impar.
1726 2260 1883 2320 Idem
1904 2262 2248 2317 Callistratus
2272 2268 2373 2330 est,

361 2331 516 2386 cuius
550 2331 918 2386 commentarii
941 2331 1065 2386 olim
1089 2330 1407 2385 ferebantur
1429 2329 1499 2385 ad
1523 2330 1835 2399 Homerum,
1870 2327 2182 2398 Pindarum,
2216 2329 2377 2386 Euri-
2440 2332 2447 2338 ’

362 2398 563 2480 pidem,
600 2399 1034 2467 Aristophanem,
1069 2398 1277 2453 laudati
1300 2399 1613 2454 Scholiastis
1646 2399 1845 2453 nostris
1877 2404 1935 2452 et
1969 2398 2099 2453 alibi
2136 2405 2193 2453 et
2215 2398 2288 2453 ad
2309 2398 2378 2454 11.

360 2484 420 2521 ιιι
464 2482 563 2521 sex
621 2467 940 2521 lectionibus
986 2473 1054 2536 (r.
1095 2471 1174 2522 18.
1223 2468 1268 2528 ζ.
1303 2472 1423 2522 434.
1469 2487 1526 2532 μ.
1561 2471 1646 2522 25.
1692 2486 1751 2535 φ.
1793 2470 1907 2521 126.
1955 2486 2015 2520 ω.
2057 2471 2170 2522 134.
2218 2468 2361 2536 213.)

363 2534 989 2658 {atiissksszgfiffi
1032 2535 1510 2672 qsssssstissfflnff
1539 2533 2381 2673 ὄξὲἑὲἓέξᾞοῗθῆἔθζῑὲἓ

363 2672 589 2725 recensio
625 2669 851 2726 affertur
884 2672 942 2724 ἐν
980 2675 1101 2732 ταῖς
1128 2673 1540 2743 zaptani-draeo.
1624 2670 1798 2725 Unam
1833 2670 2197 2726 coniecturam
2241 2670 2375 2753 eius²

358 2757 419 2805 μ.
455 2742 539 2793 25.
576 2739 635 2791 ἓν
673 2741 732 2793 ὃ·
767 2739 939 2810 ἦμαρ,
974 2739 1197 2796 deorum
1220 2740 1438 2793 numine
1462 2755 1622 2808 quam
1647 2739 1884 2794 Homero
1920 2738 2235 2809 digniorem,
2272 2745 2377 2794 etsi

361 2807 701 2875 lenissimam,
737 2813 1026 2877 antequam
1062 2814 1253 2863 auctor
1286 2807 1628 2862 Callistratus
1662 2807 1989 2888 innotuerat,
2026 2823 2096 2863 ex
2118 2806 2376 2863 Mosaicis

359 2873 659 2930 rationibus
693 2876 882 2930 reiecit
915 2877 1138 2931 Barnes.
1196 2875 1375 2930 Aliam
1400 2876 1564 2930 etiam
1587 2875 1845 2930 leniorem
1868 2882 2234 2931 comecturam
2258 2875 2376 2930 eius

357 2959 407 2997 v.
443 2942 501 2996 in
537 2943 718 3000 Schol.
770 2945 897 2998 min.
952 2951 1009 2999 et
1042 2943 1309 3000 Eust.'ad
1345 2943 1536 3013 Odyss.
1570 2963 1628 3014 p.
1663 2948 1783 2999 455.
1850 2945 1929 2998 At
1964 2949 2027 2997 ut
2060 2943 2220 3014 longe
2255 2943 2375 2998 istis

362 3011 553 3080 peiora
586 3011 792 3081 luserit,
877 3018 1133 3067 otuerunt
1166 3018 1350 3067 tamen
1387 3018 1445 3067 et
1480 3011 1596 3066 eius
1632 3017 1689 3066 et
1721 3011 1966 3093 priorum
2002 3010 2231 3067 duorum
2266 3012 2376 3067 alia

361 3080 558 3133 merita
579 3095 697 3135 esse
720 3080 777 3133 in
855 3096 1110 3149 omer-um,
1146 3096 1285 3149 quae
1309 3096 1455 3136 nunc
1479 3080 1695 3149 penitus
1718 3085 2053 3149 ignorantur.
2115 3080 2373 3135 Ceterum

360 3145 511 3217 quod
543 3150 766 3200 scholam
787 3149 1169 3218 Aristophanis
1202 3156 1297 3202 tan
1337 3164 1462 3203 uam
1496 3164 1695 3203 novum
1717 3149 2022 3204 institutum
2050 3164 2369 3205 commemo·

360 3217 649 3364 {affl}
677 3216 1420 3340 ἒὲωηέῗῗέὧέἑωηὲἒο
1455 3216 1726 3340 ἶιῗωηὲξῗ
1747 3216 2366 3358 Ξξῖΐᾰωῇῗῗωῗὲἔὲ

360 3367 602 3420 nomme,
646 3352 750 3407 nisi
808 3360 926 3409 orte
959 3354 1066 3410 huc
1100 3325 1305 3409 referre
1340 3301 1477 3408 velis
1514 3300 1800 3422 fflquoties
1834 3354 1891 3408 in
1926 3353 2155 3409 Scholiis
2189 3352 2365 3407 dictos

361 3420 493 3481 τοὺς
535 3421 666 3491 περὶ
710 3419 1045 3492 Ζηνόδοτον,
1092 3427 1154 3476 ut
1198 3440 1250 3492 η.
1285 3425 1405 3477 452.
1461 3440 1507 3475 o.
1542 3424 1628 3478 86.
1713 3422 1820 3478 Sed
1853 3422 1992 3477 haec
2026 3421 2259 3478 formula
2291 3420 2371 3475 lo·

359 3488 562 3557 quendi
595 3488 780 3558 potius
811 3490 1230 3559 adstipulatores
1264 3488 1533 3559 significat
1567 3504 1730 3559 quam
1763 3495 2075 3548 sectatores.
2127 3489 2246 3545 Hos
2277 3503 2378 3558 ap-
