2734 4000
1131 246 1492 305 ..77-

301 401 604 472 rationem,
647 401 833 472 qualis
873 400 935 459 in
962 398 1227 472 Odyssea
1266 398 1460 471 esem),
1499 399 1773 472 reperiat.
1853 398 2141 458 Percense
2165 400 2305 459 item

301 478 530 550 reliqua
568 478 723 536 illius
766 478 895 537 aevi
937 477 1103 549 epica
1132 476 1401 536 Carmina
1440 476 1562 534 sive
1592 476 1920 536 carminum
1945 483 2315 549 argumenta,

302 554 689 626 Genealogias
716 553 956 613 deorum
984 558 1045 612 et
1068 553 1325 626 heroum,
1364 552 1733 626 Dionysiaca,
1773 553 2124 626 Thebaidas,
2162 554 2304 628 Epi-

301 647 502 705 gonos,
542 631 925 704 Naupactica,
965 631 1112 703 alia3
1153 647 1328 689 unum
1366 630 1600 702 quidem
1637 631 1874 690 heroem
1910 631 1972 688 in
1995 632 2300 703 nonnulliS,

301 712 459 780 (nam
497 706 732 767 fuerunt
769 709 940 781 plura
976 707 1327 782 perbrevia,)
1367 708 1428 765 in
1464 707 1623 767 nullo
1662 723 1835 766 unam
1861 708 1953 766 vel
1972 707 2307 781 primariam

300 785 604 856 actionem,
645 785 924 859 episodiis
949 784 1284 845 admodum
1303 783 1521 843 Iliados
1546 785 1935 856 intertextam,
1976 783 2297 857 deprehen·

300 861 422 920 des.
488 861 709 933 Magno
749 867 986 922 auctore
1024 860 1086 921 id
1125 859 1365 929 affirmo,
1404 877 1519 922 non
1557 862 1890 921 coniectura
1915 858 2139 919 ductus.
2206 862 2299 921 Ita

301 940 454 998 enim
472 937 822 998 Aristoteles
860 938 1074 1011 ubique
1112 938 1417 1013 praedicat
1443 937 1518 997 de
1544 939 1816 1010 Homero,
1855 939 1942 997 ita
1969 954 2099 997 eum
2123 955 2299 1012 prop·

297 1022 408 1074 ter.
431 1015 607 1074 istam
645 1016 833 1089 ipsam
869 1033 995 1083 rem
1035 1016 1246 1075 ceteris
1286 1016 1348 1074 in
1376 1015 1578 1074 eodem
1606 1031 1820 1088 genere
1846 1015 2107 1074 omnibus
2135 1022 2296 1075 ante-

300 1093 482 1166 ponit,
522 1098 589 1151 ut
624 1094 817 1151 nullus
858 1108 1057 1152 eorum
1093 1093 1206 1152 hac
1242 1093 1304 1150 in
1341 1108 1409 1150 re
1449 1091 1654 1152 ducem
1695 1099 1755 1152 et
1793 1092 2111 1165 principem
2137 1109 2303 1151 suum
2343 1112 2418 1154 12⁷

301 1170 567 1228 imitatus
610 1185 742 1228 esse
778 1169 1064 1243 videatur,
1102 1186 1177 1228 ne
1215 1168 1502 1242 PiQder
1519 1170 1752 1241 quidem
1778 1168 2184 1244 aut-EanJ-asis
2211 1176 2315 1229 aut

298 1245 696 1322 Antimachum
738 1247 836 1318 qui
876 1246 1192 1306 secundum
1229 1247 1547 1305 Homerum
1585 1247 1790 1321 optimi
1827 1247 2116 1305 numerati
2155 1253 2314 1316 sunt,

298 1312 514 1382 nedfsm
550 1324 910 1395 antiquiores
951 1330 1012 1383 et
1038 1323 1270 1397 Cyclici.
1320 1323 1414 1381 De
1439 1322 1647 1396 quibus
1672 1339 1880 1383 novum
1906 1330 2309 1397 argumentum

299 1399 627 1458 ducendum
665 1406 759 1459 est
799 1417 871 1459 ex
908 1400 1040 1474 ipsa
1064 1402 1293 1460 ratione
1321 1398 1500 1472 Cycli,
1542 1402 1773 1472 qualem
1800 1416 1931 1459 eum
1953 1416 2025 1459 ex
2048 1401 2174 1460 loco
2193 1400 2311 1473 Ly-

300 1477 378 1536 cii
425 1476 621 1536 Procli
650 1477 807 1551 apud
842 1478 1114 1537 Photium
1152 1478 1541 1550 cognovimus.
1620 1477 1848 1551 Quippe
1879 1475 1990 1536 fuit
2024 1477 2123 1535 ille
2161 1479 2311 1536 mul-

298 1559 491 1613 torum
529 1549 700 1626 ἐπῶν,
742 1554 814 1612 ab
852 1555 1035 1617 initiis
1076 1571 1269 1614 rerum
1310 1570 1494 1627 usque
1535 1553 1611 1613 ad
1649 1561 1893 1614 mortem
1930 1553 2160 1626 Ulyssis
2202 1554 2301 1613 de-

301 1629 623 1703 ductorum,
664 1632 949 1705 collectio,
990 1649 1215 1692 omnem
1239 1648 1424 1705 prope
1448 1629 1770 1690 fabularem
1794 1631 2094 1690 historiam
2111 1651 2304 1703 perpe-

300 1717 398 1762 tua
436 1717 484 1762 et
521 1711 771 1765 naturali
806 1711 941 1764 serie
978 1711 1385 1782 complectens.
1451 1709 1544 1767 Ex
1582 1724 1695 1781 quo
1722 1725 1837 1766 uno
1864 1708 2007 1766 satis
2036 1714 2302 1781 apparet,

303 1782 565 1856 Cyclicos
600 1789 803 1858 poetas
840 1801 936 1844 res
974 1802 1110 1844 suas
1150 1785 1354 1845 eodem
1390 1785 1613 1858 ordine,
1652 1802 1766 1857 quo
1801 1783 2075 1857 deinceps
2103 1801 2303 1844 conse-

171 1926 192 1943 !
301 1866 476 1919 cutae
519 1866 730 1934 essent,
771 1878 885 1921 non
924 1862 998 1921 ad
1039 1861 1281 1923 formam
1321 1862 1620 1935 Odysseae
1659 1867 1912 1934 nostrae,
1951 1863 2298 1921 narravisse.

458 1938 620 2011 Quae
659 1953 835 2011 quum
872 1941 958 1999 ita
994 1940 1127 2013 sint,
1168 1940 1295 2013 quis
1335 1945 1506 2014 putet
1542 1940 1674 2000 illos
1714 1955 1910 1999 omnes
1941 1955 2069 1999 eam
2096 1944 2298 2011 artem,

302 2031 452 2087 quae
490 2021 610 2074 tam
651 2016 894 2076 eximiae
932 2015 1306 2091 perfectionis
1348 2034 1527 2077 causa
1565 2022 1674 2088 est,
1714 2018 1766 2075 si
1804 2017 1877 2075 ab
1905 2017 2159 2077 Homero
2198 2017 2308 2075 ad-

301 2091 549 2151 hibitam
586 2092 886 2166 vidissent,
924 2101 1029 2154 aut
1052 2110 1167 2154 non
1192 2095 1567 2167 intellexisse,
1606 2100 1710 2152 aut
1733 2094 2088 2152 intellectam
2113 2110 2310 2152 aemu-

300 2169 412 2227 lari
452 2169 746 2228 noluisse?
784 2171 935 2229 Nam
972 2188 1050 2230 ne
1088 2187 1204 2230 non
1228 2172 1544 2245 potuerint,
1583 2187 1658 2229 ne
1683 2171 1978 2244 ingenium
2004 2171 2110 2228 tali
2136 2187 2308 2244 prae-

301 2246 552 2304 stantiae
592 2247 779 2319 impar
818 2248 1121 2307 attulerint
1146 2264 1361 2320 omneS,
1404 2249 1595 2306 vereri
1619 2263 1787 2307 nemo
1813 2248 1940 2305 iure
1965 2252 2176 2320 potest.
2217 2247 2308 2305 Ac

300 2338 377 2380 ne
414 2322 707 2382 Hesiodus
747 2323 999 2397 quidem,
1042 2340 1213 2397 quem
1251 2332 1446 2384 tamen
1488 2324 1690 2384 Oritici
1726 2324 2042 2397 praecipuo
2082 2323 2209 2383 loco
2247 2324 2309 2396 in

301 2415 600 2458 numerum
624 2401 968 2473 retulerunt,
1010 2401 1322 2474 quidquam
1349 2401 1427 2461 ad
1452 2402 1614 2460 illum
1639 2401 1871 2461 modum
1897 2400 2175 2459 cecinisse
2200 2417 2313 2473 pu-

300 2475 513 2534 tandus
555 2481 661 2535 est.
740 2476 1010 2551 Arguunt
1045 2478 1156 2539 hoc
1186 2471 1377 2556 Ἔργα,
1415 2495 1524 2538 nec
1562 2495 1690 2537 cum
1729 2478 2157 2548 Alexandrinis,
2196 2492 2304 2535 nec

301 2569 432 2610 cum
470 2553 747 2613 Lucretio
784 2560 888 2613 aut
913 2554 1161 2628 Virgilio
1202 2555 1652 2628 comparandum
1691 2571 1856 2628 opus,
1894 2571 2083 2627 neque
2121 2555 2301 2613 multo
2329 2570 2411 2611 128

301 2629 620 2689 absolutius
669 2646 842 2703 quam
880 2630 1293 2706 Theognideae
1342 2633 1665 2691 sententiae
1676 2631 1782 2704 9«”);
1854 2637 2107 2705 arguunt
2164 2632 2300 2705 alia,

439 2818 512 2911 94)
546 2842 688 2897 Nam
732 2842 790 2895 in
823 2840 995 2895 Iliade
1046 2842 1309 2896 naturalis
1360 2849 1446 2897 est
1497 2841 1627 2897 ordo
1664 2858 1845 2896 rerum
1876 2849 2163 2912 gestarum,
2197 2858 2300 2898 nec

299 2909 515 2965 initium
553 2911 762 2979 primae
798 2908 1125 2978 rhapsodiae
1159 2911 1417 2965 lectorem
1452 2910 1613 2965 aliter
1646 2910 1795 2966 ducit
1829 2911 1886 2965 in
1919 2911 2153 2966 medium
2172 2927 2295 2966 cur-

300 2995 419 3069 sum
453 2995 649 3066 rerum,
664 2985 840 3059 ‚atque
878 2984 940 3031 ut
973 2977 1035 3059 fit
1069 2979 1127 3032 in
1162 2978 1357 3034 ceteris
1392 2979 1694 3101 rhagsodiis
1727 2979 2026 3049 plerisque:
2066 2996 2120 3063 J.
2160 2995 2205 3034 c.
2240 2979 2297 3033 in
2355 2987 2358 2989 ’

266 3046 626 3180 (ripn-renate,
660 3064 717 3101 m
752 3046 946 3116 quibus
974 3045 1111 3126 illud
1126 3062 1340 3116 quoque
1364 3053 1494 3103 nota
1532 3047 1603 3102 ile
1626 3053 1725 3127 est,
1760 3048 1906 3117 quod
1927 3049 2120 3129 lieroes
2142 3047 2302 3117 plane

301 3131 378 3170 sic
411 3115 799 3184 producuntur,
835 3129 992 3184 quasi
1025 3120 1188 3171 antea
1220 3130 1329 3169 non
1362 3124 1805 3183 comparuissent.
1876 3113 1997 3171 Vid.
2033 3133 2088 3170 in
2120 3132 2203 3185 pr.
2241 3115 2301 3169 A.

329 3267 344 3279 ·
438 3200 513 3266 ⁹⁵)
548 3199 804 3280 ngjtirni
839 3200 1116 3268 Carminis
1138 3200 1462 3268 didascalici,
1496 3200 1552 3255 id
1584 3207 1671 3254 est
1706 3202 1838 3269 eius,
1873 3202 1930 3255 in
1948 3217 2056 3270 quo
2077 3216 2187 3254 una
2207 3215 2297 3255 ars

300 3282 413 3322 sive
427 3267 683 3347 ‘doctrina
704 3283 817 3348 siye
842 3262 1066 3347 aliis-ised
1078 3276 1453 3349 argumentum
1475 3285 1640 3350 unum
1663 3270 1957 3350 continenti
1975 3268 2296 3349 tractatione

297 3341 535 3458 ffissffi
558 3336 1067 3459 assffliffsshl’rssffl*
1084 3351 1388 3476 &affl-²⁸⁴
1391 3336 2296 3466 ffiffimomfflmfflffffihffnfflffiffig

299 3461 482 3541 e'daiit,
519 3443 612 3541 qui
647 3488 709 3527 co
737 3469 874 3527 ‘ecta
907 3421 1139 3528 seggnt.
1195 3474 1331 3529 Mox
1363 3424 1669 3543 neg’le‘clztum
1704 3474 1762 3529 id
1796 3489 1967 3543 genus
1989 3421 2294 3538 affitticia
