2734 4000
1218 243 1292 255 -
1350 218 1574 271 106—

393 366 614 426 servari
653 365 930 437 audisset,
970 365 1198 425 codices
1239 369 1694 439 comparaverat,
1734 380 2021 438 persaepe
2060 366 2120 423 in
2144 366 2394 425 maxima

390 441 731 502 difficultate
771 441 1080 514 iudicandi,
1122 441 1261 514 quid
1300 458 1499 500 verum
1528 447 1686 500 esset
1714 447 1774 500 et
1800 443 2129 514 genuinum,
2169 443 2389 501 nullum

393 520 623 579 videtur
645 519 921 578 habuisse
937 519 1292 592 praesidium
1319 520 1641 593 promptius
1667 519 1987 590 meliusque
2008 519 2241 591 ingenio
2264 536 2387 579 suo.

546 596 786 655 Penitus
825 595 920 655 hic
952 596 1115 655 nobis
1152 596 1410 656 tollenda
1456 600 1546 654 est
1571 595 1785 668 opinio,
1826 611 1941 667 qua
1967 595 2211 655 Criticos
2237 597 2395 656 illius

392 673 604 734 aetatis
644 674 721 732 ad
758 674 909 732 hanc
943 690 1126 733 novae
1166 675 1309 732 artis
1349 672 1653 732 formulam
1702 670 1985 745 fingimus.
2063 673 2156 732 Ne
2194 673 2386 747 ipsum

392 750 624 823 quidem
661 750 1059 809 Aristarchum
1099 765 1171 809 ex
1194 751 1304 809 hac
1330 748 1578 811 formula
1603 749 1973 808 iudicandum
2000 765 2147 822 esse,
2187 751 2385 823 paullo

390 844 523 888 mox
546 827 984 888 demonstrabo.
1062 828 1346 886 Nimirum
1385 827 1632 899 primum
1670 827 1814 885 artis
1840 828 2166 899 ingressum
2179 843 2399 899 ⁸vagum

390 906 452 963 in
488 904 688 977 primis
717 912 779 963 et
802 904 1172 963 temerarium
1198 903 1377 962 fuisse
1404 904 1747 976 reperimus,
1790 903 1912 962 sive
1937 904 2239 963 materiem
2267 904 2393 962 eius

390 982 451 1040 in
489 981 741 1053 antiquis
781 979 1114 1058 διαφωνίαις
1151 980 1571 1054 rhapsodorum
1613 986 1676 1039 et
1714 978 1997 1050 codicum,
2036 996 2141 1039 seu
2182 980 2399 1039 Graeci

392 1058 609 1130 ingenii
648 1058 916 1129 indolem,
956 1074 1062 1117 seu
1098 1057 1300 1118 horum
1339 1062 1662 1130 temporum
1703 1057 2109 1130 conditionem,
2150 1073 2256 1116 seu
2282 1057 2383 1115 de-

389 1135 564 1207 nique
614 1135 770 1208 ipsas
817 1135 1092 1206 reliquias
1143 1136 1287 1193 artis
1328 1140 1674 1208 spectemus.
1756 1134 1839 1194 Ut
1876 1139 2389 1207 repraesentarent

390 1211 704 1272 Homerum
741 1209 855 1270 fide
892 1213 1125 1284 integra
1163 1217 1224 1271 et
1263 1229 1367 1272 suo
1392 1211 1618 1280 habitu,
1657 1210 2004 1270 laborabant
2022 1209 2217 1271 forsan
2243 1227 2383 1271 non-

389 1289 553 1362 nulli,
593 1295 867 1361 quantum
906 1293 1201 1362 poterant3
1243 1296 1308 1347 at
1344 1288 1638 1349 debebant
1671 1289 1848 1347 etiam
1887 1289 2074 1362 magis
2100 1288 2390 1361 laborare,

341 1415 350 1423 .
390 1371 457 1424 ut
494 1381 776 1437 nusquam
814 1382 926 1425 non
953 1367 1154 1424 similis
1195 1367 1286 1424 sui
1325 1382 1505 1437 seque
1550 1365 1761 1438 dignus
1802 1371 2155 1439 appareret,
2196 1365 2391 1424 detra-

387 1442 593 1501 hendis
633 1459 810 1515 saepe
848 1444 1042 1501 multis
1071 1442 1350 1515 versibuS,
1392 1441 1534 1502 alibi
1566 1442 1836 1502 addendo
1863 1444 2071 1515 nitore,
2112 1442 2212 1502 ubi
2237 1443 2393 1501 nitor

388 1520 579 1578 nullus
621 1525 792 1578 esset.
873 1519 1364 1592 Quemadmodum
1405 1520 1590 1591 igitur
1628 1519 1803 1578 hodie
1845 1520 2081 1592 elegans
2120 1519 2288 1579 homo
2331 1524 2394 1593 et

289 1608 365 1647 1⁷4
389 1596 744 1669 ingeniosus,
783 1596 887 1654 sed
925 1597 1213 1656 abnormis
1257 1595 1507 1656 Griticus
1526 1640 1541 1669 ,
1595 1596 1655 1654 in
1694 1596 1886 1670 prisco
1924 1596 2154 1669 poetico
2193 1613 2392 1656 monu-

390 1678 585 1733 mento
621 1679 856 1732 nostrae
893 1673 1125 1747 linguae
1165 1680 1514 1746 versaretur,
1560 1673 1716 1745 quod
1755 1674 2012 1732 lacerum
2052 1671 2202 1733 forte
2222 1689 2393 1745 repe-

391 1751 582 1820 risset,
624 1755 685 1808 et
723 1767 760 1809 a
797 1751 993 1809 multis
1031 1750 1344 1810 lectoribus
1383 1752 1445 1808 in
1470 1751 1730 1822 margine
1759 1750 2061 1823 variatum,
2102 1750 2187 1808 ita
2212 1748 2396 1810 ferme

392 1827 607 1901 primos
647 1828 775 1886 illos
816 1827 1218 1887 emendatores
1258 1828 1317 1885 in
1357 1827 1716 1899 corrigendis
1759 1832 1820 1885 et
1857 1826 2265 1886 concinnandis
2292 1843 2399 1886 va-

391 1903 546 1962 tibus
586 1904 706 1962 suis
746 1920 983 1978 operam
1020 1919 1264 1964 navasse
1304 1903 1607 1964 contendo.
1684 1903 1850 1964 Adeo
1888 1904 2062 1975 longe
2090 1900 2401 1963 abfuerunt

391 1981 476 2039 illi
516 1981 590 2041 ab
629 1981 740 2040 hac
778 1983 1090 2042 severitate
1105 2027 1120 2056 ‚
1173 1997 1322 2054 quae
1362 1987 1564 2051 cavet,
1616 1999 1691 2041 ne
1732 1981 1871 2054 quid
1910 1979 2071 2040 aliud
2110 1997 2281 2053 quam
2319 1981 2396 2041 ab

391 2059 519 2132 ipso
566 2062 806 2118 auctore
868 2061 1063 2133 operis
1113 2060 1392 2132 scriptum
1454 2059 1791 2119 inducatur:
1843 2059 2078 2117 tametsi
2124 2075 2199 2117 ne
2244 2075 2398 2118 nunc

393 2134 624 2207 quidem
672 2136 832 2194 illum
884 2138 1180 2210 scopulum
1231 2137 1374 2195 satis
1427 2135 1686 2210 fugiunt,
1738 2137 1836 2208 qui
1888 2136 2122 2208 ingenio
2179 2136 2395 2194 valent.

391 2212 658 2283 Denique
697 2213 878 2273 omnis
925 2215 1070 2273 haec
1120 2230 1215 2273 ars
1266 2211 1536 2286 profecta
1577 2219 1668 2272 est
1705 2214 1899 2285 potius
1940 2212 2013 2271 ab
2055 2213 2397 2287 aesthetieo‚

394 2288 547 2362 quod
572 2295 862 2349 nostrates
889 2296 1113 2363 vocant,
1154 2306 1325 2363 quam
1352 2290 1555 2350 critico
1583 2290 1816 2362 iudicio,
1843 2290 1954 2362 vel,
1982 2295 2048 2348 ut
2073 2290 2158 2348 ita
2185 2289 2403 2362 dicam,

394 2381 432 2424 a
480 2366 710 2438 poetica
754 2367 952 2440 potius
1003 2384 1175 2441 quam
1204 2366 1602 2440 *diplomatica
1650 2365 1783 2427 fide.
1872 2366 2121 2425 Praeter
2169 2367 2397 2438 reliqua

392 2443 562 2501 huius
602 2443 691 2501 rei
729 2450 1086 2517 argumenta,
1127 2461 1277 2517 quae
1318 2460 1390 2502 ex
1428 2445 1696 2503 universo
1747 2443 1945 2503 libello
1984 2449 2182 2502 nostro
2221 2441 2399 2502 facile

395 2518 472 2578 ad
509 2517 828 2593 perfectam
864 2521 1253 2581 inductionem
1291 2521 1489 2593 colligi
1529 2526 1805 2594 poterunt
1820 2562 1838 2590 ,
1891 2521 2022 2593 ipsa
2061 2521 2197 2578 illuc
2236 2519 2401 2579 ducit

394 2597 564 2669 ratio,
607 2613 779 2669 quam
818 2600 910 2656 vel
949 2600 1198 2671 optimos
1237 2597 1757 2658 Alexandrinorum
1803 2598 1862 2654 in
1906 2596 2265 2656 emendando
2310 2614 2400 2656 se-

397 2682 559 2733 cutos
602 2689 730 2732 esse
770 2675 1109 2733 videbimus,

1219 2887 1584 2967 XXXIX.

550 3058 743 3128 Atque
794 3056 930 3128 hoc,
982 3057 1260 3130 quidquid
1301 3064 1417 3131 est,
1467 3058 1640 3131 longe
1681 3056 2049 3127 manifestius
2089 3056 2398 3117 ostendere

399 3132 619 3206 liceret,
660 3133 772 3190 nisi
809 3135 1137 3206 antiquiora
1175 3135 1275 3194 illa
1312 3134 1689 3195 meditamina
1730 3136 1960 3194 critices
2001 3150 2185 3208 prope
2212 3134 2406 3194 omnia

399 3317 433 3356 a
456 3301 620 3356 Fabr.
655 3299 792 3355 BibL
831 3301 921 3355 Gr.
957 3317 1010 3369 p.
1046 3304 1165 3356 361.
1235 3301 1359 3356 Non
1408 3303 1652 3371 γράφειν
1704 3304 1929 3360 dixisset
1961 3303 2290 3370 Athenaeus,
2328 3316 2399 3355 ex

398 3369 1061 3492 aggessffiammaticorum
1084 3369 1431 3439 Graecorum,
1467 3371 1562 3427 sed
1591 3373 1867 3444 «ζῳων,
1904 3372 1951 3427 si
1975 3370 2277 3427 emendatio
2313 3384 2400 3425 ac-
