2734 4000
1194 324 1554 378 ...93-

365 472 702 532 tenuissimo
741 471 992 544 vestigio
1030 477 1171 531 nota
1208 469 1408 541 fuerit,
1448 477 1510 530 et
1532 487 1607 530 ne
1632 487 1784 530 nunc
1808 471 2042 543 quidem
2067 473 2220 533 ratio
2247 472 2374 532 eius

367 565 608 621 usquam
648 554 919 608 accurate
959 549 1299 622 explicetur,
1337 545 1574 607 difficile
1614 554 1707 607 est
1745 547 1820 607 de
1861 564 1933 609 ea
1970 549 2190 621 aliquid
2228 550 2376 608 certi

369 632 649 685 statuere.
728 624 1004 684 Attamen
1043 630 1381 697 comparata
1420 625 1522 684 illa
1559 624 1774 684 indicia
1810 624 2117 686 manifesto
2145 626 2373 699 docent,

335 699 796 829 Ῐδιασκευαστὰς
820 718 936 761 non
960 703 1189 775 ignotos
1218 701 1498 774 quosdam
1525 707 1792 761 auctores
1821 703 2149 761 criticarum
2175 718 2374 762 recen-

369 778 592 839 sionum
630 778 929 838 habendos
971 794 1119 851 esse,
1160 778 1233 837 de
1272 778 1481 850 quibus
1522 779 1642 838 alia
1679 779 1961 839 vocabula
1999 780 2059 838 in
2086 796 2197 838 usu
2221 786 2374 852 sunt,

342 840 476 958 {sed
517 862 820 915 exactores
862 870 969 913 seu
1007 856 1305 929 politoreS,
1350 855 1450 927 qui
1476 856 1568 914 vel
1606 872 1725 915 una
1763 873 1892 914 cum
1931 856 2243 916 Pisistrato
2282 856 2377 915 vel

340 933 562 1029 ‘paullo
601 938 736 1006 post
776 931 962 990 eidem
1004 933 1166 1005 operi
1205 948 1436 991 manum
1477 931 1943 1005 admoverint14).

522 1008 641 1068 Sed
678 1008 906 1068 omnino
948 1008 1185 1067 dubium
1226 1024 1355 1068 esse
1396 1008 1665 1082 arbitror,
1704 1026 1840 1067 num
1879 1010 1990 1083 ipsi
2016 1014 2246 1069 veteres
2272 1011 2372 1068 uni
2400 1038 2477 1081 1⁸3

365 1084 675 1144 Pisistrato
715 1085 1026 1144 tribuerint
1062 1087 1359 1158 negotium
1388 1085 1552 1158 illud,
1593 1101 1685 1159 an,
1726 1092 1793 1144 ut
1818 1103 1998 1160 saepe
2019 1086 2257 1160 faciunt,
2296 1086 2374 1146 ad

368 1177 498 1220 eum
538 1169 835 1222 auctorem
872 1163 1182 1221 retulerint
1198 1206 1214 1235 ‚
1269 1162 1424 1234 quod
1477 1162 1715 1221 hortatu
1764 1162 1887 1222 eius
1930 1170 1990 1222 et
2029 1165 2377 1223 auctoritate

366 1236 586 1298 factum
626 1240 719 1297 sit.
773 1237 1111 1312 Hipparcho
1155 1238 1406 1312 quidem,
1444 1238 1741 1297 Pisistrati
1767 1237 1885 1299 filio
1913 1246 2057 1300 natu
2081 1240 2289 1300 minori
2316 1246 2378 1300 et

367 1315 428 1372 in
468 1315 571 1374 illa
608 1313 855 1373 Athenis
892 1316 1274 1375 saluberrima
1310 1315 1619 1389 tyrannide
1659 1331 1788 1374 cum
1826 1314 2009 1376 fratre
2036 1318 2375 1391 successori,

367 1408 404 1451 a
424 1392 714 1465 scriptore
741 1391 960 1464 dialogi
984 1392 1291 1465 Platonici,
1318 1393 1417 1465 qui
1444 1408 1651 1452 nomen
1677 1393 1832 1451 illius
1852 1410 1959 1466 pro
1987 1394 2157 1453 titulo
2178 1393 2374 1467 habet,

365 1474 486 1528 tam
516 1465 856 1540 magnificae
886 1475 1087 1542 partes
1126 1469 1496 1541 assignantur
1530 1470 1592 1527 in
1629 1470 1976 1530 celebrando
1996 1470 2269 1544 Homero,
2309 1476 2378 1529 ut

365 1551 598 1618 patrem
639 1546 701 1603 in
740 1545 941 1605 labore
981 1546 1290 1619 colligendi
1320 1552 1382 1605 et
1409 1545 1752 1619 disponendi
1778 1547 1869 1605 vel
1896 1547 1957 1604 in
1982 1547 2183 1620 primis
2212 1546 2375 1605 adiu-

367 1621 545 1695 visse,
585 1622 680 1681 vel
719 1623 1021 1681 consilium
1059 1629 1366 1697 paternum
1409 1627 1713 1681 exsecutus
1753 1639 1901 1696 esse,
1941 1629 2117 1696 atque
2156 1623 2218 1681 id
2243 1640 2375 1683 cum

367 1699 697 1758 amantibus
747 1699 1075 1758 litterarum
1121 1700 1576 1759 communicasse
1626 1698 1814 1759 videri
1851 1701 2040 1774 possit
2050 1700 2143 1774 1³).
2223 1701 2374 1761 Nam

474 1897 578 1966 ,14)
621 1894 800 1963 Vulgo
847 1894 1034 1962 ignota
1070 1897 1153 1948 est
1185 1892 1267 1946 vis
1301 1892 1446 1947 illius
1479 1892 1754 1957 vocabuli,
1802 1891 1868 1946 de
1905 1908 2014 1962 qua
2049 1890 2374 1962 quaerimus,

367 1978 544 2035 neque
592 1963 760 2019 allata
805 1977 840 2017 a
890 1961 1165 2029 Stephano
1219 1965 1276 2016 et
1319 1961 1522 2017 Scotto,
1626 1962 1701 2015 At
1743 1961 1879 2016 satis
1925 1977 2043 2016 eam
2100 1959 2374 2016 declarant

369 2032 582 2087 Scholia
635 2031 705 2085 ad
753 2047 914 2085 unam
947 2030 1326 2098 Aristophanis
1361 2030 1599 2084 fabulam
1685 2029 1871 2084 Nubes
1904 2046 1954 2083 v.
1989 2033 2108 2084 552.
2145 2036 2202 2083 et
2234 2034 2372 2110 591,

367 2106 482 2154 tum
518 2102 669 2155 locus
703 2100 760 2153 in
795 2097 1075 2167 praeclaro
1098 2100 1451 2166 Argumento,
1487 2068 1631 2166 quod
1669 2104 1918 2166 quartum
1956 2104 2040 2151 est
2072 2096 2130 2149 in
2152 2097 2374 2151 Kusten

368 2168 497 2223 edit.
567 2167 658 2222 Ex
680 2167 766 2221 his
800 2167 1011 2222 collatis
1045 2171 1293 2234 apparet,
1329 2166 1706 2226 διασκευάζεοι
1738 2182 1772 2219 a
1806 2165 2375 2234 vetetihnsmagistris

367 2236 631 2302 adscitum
667 2251 783 2290 esse
818 2236 875 2288 in
909 2240 1236 2303 potestatem
1270 2235 1423 2288 verbi
1445 2236 1930 2298 ἐπιὸςασιιεοάζεινι
1960 2240 2036 2296 ιιι,
2057 2234 2113 2294 in
2137 2233 2375 2289 Scenicis

367 2320 541 2373 prope
577 2305 721 2357 idem
757 2308 900 2357 esset
936 2302 1080 2371 quod
1115 2303 1510 2371 ᾀνᾳὸιὸάσκειν,
1544 2302 1597 2356 h.
1621 2317 1670 2372 g.
1706 2305 1919 2371 repetito
1956 2304 2371 2371 committeggsq-

368 2373 691 2439 &93⁸2ssssss
712 2372 991 2439 QQdffl
1033 2368 1276 2434 agl-chndo
1330 2367 1644 2424 Hetrahcndo
1679 2371 2026 2438 emendqtqm„
2063 2372 2289 2434 rcffictam
2325 2380 2372 2423 ee

363 2441 608 2509 secundis
626 2442 796 2500 ‚curis
847 2440 1169 2503 elaboratam.
1253 2413 1318 2492 ῙΉ
1367 2455 1507 2492 emm
1554 2435 1733 2492 facere
1780 2437 2026 2492 solebant
2061 2438 2141 2491 illi
2175 2443 2371 2506 poetae

367 2508 700 2576 saepissime,
730 2523 857 2561 mox
891 2507 1053 2560 etiam
1090 2506 1200 2575 alii,
1254 2512 1315 2560 ut
1349 2506 1707 2575 Appollonius
1741 2505 1915 2560 Rhod.
1985 2504 2175 2574 Neque
2213 2505 2371 2558 aliter

367 2577 528 2630 Plato
564 2576 694 2630 fecit
727 2576 784 2629 in
820 2575 1037 2642 optimis
1074 2574 1302 2643 dialogis
1339 2575 1479 2642 suis;
1532 2589 1693 2644 quam
1729 2574 1798 2628 ob
1835 2590 2051 2629 causam
2087 2574 2370 2642 exquirere

363 2661 474 2699 non
512 2644 656 2712 licet,
694 2644 906 2711 quando
944 2643 1170 2712 quisque
1205 2643 1535 2711 compositus
1572 2643 1656 2710 sit,
1696 2658 1859 2711 quum
1894 2642 1950 2695 in
1976 2642 2201 2696 scenicis
2220 2641 2371 2695 fabu-

361 2713 427 2765 lis
463 2711 654 2766 saltem
690 2727 760 2765 ex
795 2710 1101 2765 didascaliis
1137 2711 1454 2779 plerumque
1488 2717 1675 2767 notum
1701 2711 1771 2764 sit
1794 2716 2022 2779 tempus,
2097 2727 2167 2764 uo
2192 2710 2371 2763 editae

362 2787 502 2834 sunt.
574 2781 625 2833 D
694 2780 714 2832 i
753 2779 825 2833 sis
860 2780 1028 2847 igitur
1061 2780 1529 2846 anctoriQis—l-ibri
1553 2780 1819 2847 Essjtan
1856 2786 1942 2844 est
1972 2794 2070 2832 ver
2083 2794 2214 2846 gum,
2260 2778 2371 2838 sjve

361 2847 428 2901 de
463 2849 545 2917 iis,
583 2848 676 2917 qui
690 2840 1687 2918 -’Μὲ9,ἑ119ἓὶ8,1ἱρῐί3,ἓὲῑρ-Ῐῧρῧᾶὓῐ,
1724 2864 1831 2901 non
1847 2840 1930 2899 'de
1962 2840 2371 2921 Cid‘ticis-poste-

360 2910 954 2989 riorum-saecusorum.
1790 2914 1836 2925 “’
1871 2920 1928 2924 ’φ

499 3004 572 3069 15)
608 3001 784 3055 Notus
821 3002 970 3055 locus
1006 3007 1088 3055 est
1121 3017 1175 3069 p.
1212 3004 1335 3055 228.
1383 3002 1446 3055 Β.
1502 3001 1568 3055 de
1616 3000 1960 3069 Hipparcho:
2032 2999 2094 3059 ὃς
2137 2996 2272 3050 ἄλλα
2306 3016 2369 3050 τε

365 3070 541 3123 πολλὰ
592 3070 677 3121 καὶ
724 3069 861 3121 καλὰ
914 3069 1053 3140 ἔργα
1103 3070 1296 3138 σοφίας
1340 3069 1685 3133 ἀπεδείξατο,
1734 3070 1818 3121 καὶ
1857 3068 1925 3120 τὰ
1951 3066 2186 3138 Ὁμήρου
2221 3086 2262 3119 π
2302 3071 2369 3117 ῶ-

361 3156 452 3197 τος
492 3138 748 3201 ἐκόμισεν
787 3139 867 3198 εἷς
901 3140 1000 3209 τὴν
1051 3144 1151 3207 γῆν
1189 3140 1430 3208 ταυτηνί,
1482 3139 1568 3189 καὶ
1603 3137 2044 3208 ἠνάχζαρεμφρρς
2075 3138 2241 3205 ῥᾳψῳ
2277 3135 2371 3194 οὺς

361 3203 597 3275 Παναῦῃ
610 3207 775 3270 ναίοις
812 3206 876 3273 ἐξ
915 3207 1239 3279 ὑπολῄῲεως
1273 3206 1475 3276 §gt-:53⁶3
1511 3204 2260 3273 atrei-QQQQ
2287 3202 2368 3255 ἔτι

356 3272 466 3326 οἶδὲ
476 3279 763 3332 ,ποιοῦσα
836 3276 901 3328 In
949 3291 1054 3343 quo
1102 3272 1396 3342 p'efnfirum
1433 3280 1542 3338 est,
1601 3290 1667 3328 ea
1701 3274 1821 3341 ipsa
1856 3272 2170 3341 simpliciter
2204 3270 2369 3324 tribui

352 3326 482 3406 filici
520 3358 660 3411 quae
708 3342 778 3397 ab
815 3343 936 3397 aliis
968 3345 1113 3411 patri
1159 3342 1471 3395 tribuuntur
1517 3349 1573 3396 et
1608 3342 1806 3396 Soloni.
1878 3341 2195 3409 Quanquam
2230 3339 2369 3392 haec

357 3410 721 3478 discrepantia
764 3412 937 3466 maior
985 3417 1068 3465 est
1113 3410 1293 3479 specie
1340 3427 1502 3479 quam
1550 3426 1608 3464 re
1629 3450 1643 3478 ‚
1692 3411 1738 3463 si
1773 3416 2012 3464 nostram
2050 3407 2368 3462 sententiam

356 3493 602 3548 sequare,
641 3480 727 3533 vel
819 3495 921 3533 uae
940 3495 1110 3548 prope
1136 3477 1323 3533 eadem
1348 3485 1446 3547 est,
1469 3479 1849 3533 Kusterianam
1872 3494 1930 3557 p.
1961 3481 2092 3545 101.‚
2129 3481 2185 3529 et
2209 3474 2367 3529 simul

355 3546 578 3616 cogiteS,
616 3519 752 3604 illud
832 3548 898 3602 'ci
933 3550 990 3601 in
1025 3547 1241 3616 scripte,
1280 3546 1425 3616 quod
1461 3548 1531 3602 ad
1564 3546 1778 3601 laudem
1813 3543 2119 3615 Hipparchi
2153 3557 2365 3611 compo-
