2734 4000
1364 806 1421 885 I.

392 952 645 1045 Duplex
683 973 742 1029 in
782 971 981 1044 primis
1024 985 1203 1042 genus
1246 975 1336 1028 est
1363 967 1800 1041 emendationiS,
1843 968 1999 1041 quod
2040 969 2203 1029 libris
2233 975 2391 1030 vete·
2419 987 2444 1026 3

374 1066 509 1107 rum
537 1048 829 1107 admoveri
857 1053 917 1105 et
942 1051 1138 1118 potest
1165 1051 1226 1104 et
1251 1046 1417 1117 solet,
1445 1052 1511 1105 ut
1537 1063 1575 1104 a
1600 1046 1754 1104 vitiis
1784 1051 1843 1104 et
1862 1047 2119 1116 maculis,
2152 1061 2294 1118 quas
2319 1063 2393 1106 ex

382 1127 561 1197 longa
599 1124 1067 1197 peregrinatione
1107 1124 1166 1180 in
1206 1123 1535 1181 barbariem
1560 1122 1753 1180 varias
1781 1122 2174 1197 plurimasque
2200 1129 2393 1183 traxe-

379 1208 539 1274 runt,
559 1201 808 1273 liberati,
829 1200 1066 1274 propius
1090 1198 1165 1257 ad
1187 1200 1483 1272 antiquam
1507 1204 1566 1257 et
1586 1215 1749 1257 suam
1770 1198 2010 1258 formam
2029 1206 2390 1259 revocentur.

382 1279 648 1337 Alterum
687 1279 816 1350 plus
857 1277 1077 1349 negotii
1118 1282 1206 1348 et,
1263 1292 1451 1350 paene
1494 1275 1763 1348 dixerim,
1817 1291 2130 1336 aerumnae
2180 1274 2391 1349 habet3

384 1356 632 1413 alterum
659 1356 788 1426 plus
817 1355 1042 1412 otiosae
1071 1353 1503 1412 delectationis:
1533 1358 1857 1425 utrumque,
1886 1358 2047 1412 recte
2076 1354 2126 1412 si
2155 1353 2388 1412 adhibe-

379 1438 498 1503 tur,
538 1432 680 1489 utile
721 1436 836 1502 est,
878 1436 941 1488 at
980 1431 1227 1487 alterum
1267 1431 1484 1488 utiliuS.
1550 1430 1701 1488 Nam
1730 1430 1828 1501 qui
1856 1430 2088 1502 optimis
2117 1430 2391 1489 subsidiis

320 1559 325 1564 .
380 1509 477 1566 vel
511 1509 742 1565 minime
770 1508 1103 1578 instructuS,
1133 1508 1476 1580 scriptorem
1502 1507 1666 1565 nobis
1697 1506 2147 1566 emendatiorem
2178 1506 2393 1579 reddit,

384 1586 506 1642 sive
546 1585 775 1656 ingenio
817 1583 1102 1655 su0,-sive
1143 1599 1457 1655 paucorum
1497 1583 1775 1642 librorum
1815 1598 1958 1654 usu3
2000 1584 2258 1654 quamvis
2298 1584 2394 1641 vix

382 1661 626 1732 triginta
652 1677 865 1731 naevos
894 1661 1212 1732 sustulerit,
1245 1666 1479 1718 centum
1505 1660 1814 1731 relinquat,
1845 1676 1976 1718 eum
2002 1664 2198 1719 tamen
2225 1676 2392 1720 nemo

383 1738 458 1795 de
499 1737 662 1813 bonis
704 1737 914 1795 litteris
955 1736 1102 1794 bene
1142 1738 1352 1796 mereri
1393 1741 1587 1809 neget.
1628 1736 1833 1807 Itaque
1872 1752 1968 1794 res
2009 1735 2136 1795 fieri
2163 1736 2391 1796 solebat

380 1820 504 1871 tum
541 1814 803 1885 maxime,
845 1829 1019 1884 quum
1056 1813 1190 1871 libri
1221 1815 1442 1872 calamo
1470 1813 1672 1885 scripti
1697 1828 1811 1872 non
1838 1813 1923 1871 ita
1951 1812 2179 1886 pridem
2205 1814 2386 1893 prelis

379 1890 587 1948 subiici
626 1891 978 1962 coepissent,
1031 1890 1204 1961 inque
1261 1891 1388 1948 dies
1428 1906 1650 1949 summa
1689 1905 1964 1949 novorum
2004 1889 2389 1949 subsidiorum

382 1968 740 2040 exspectatio
796 1972 967 2025 esset.
1049 1967 1231 2039 Quem
1270 1982 1488 2027 morem
1525 1972 1733 2042 postea
1769 1967 2034 2041 plerique
2087 1971 2223 2026 sunt
2262 1967 2389 2025 imi-

381 2045 493 2102 tati
532 2044 607 2102 ad
632 2050 888 2102 nostram
915 2048 1184 2115 aetatem,
1229 2046 1404 2103 etiam
1430 2045 1489 2101 in
1518 2045 1588 2102 iis
1617 2044 2012 2116 scriptoribuS,
2055 2045 2155 2115 qui
2182 2044 2387 2103 critica

384 2121 631 2179 materia
670 2126 730 2178 et
767 2121 920 2179 omni
949 2136 1162 2192 genere
1189 2121 1651 2188 adiumentorum
1678 2120 2055 2179 abundarent.
2097 2121 2382 2179 Nimirum
2415 2138 2441 2176 4

385 2197 559 2269 pauci
614 2212 888 2256 novarum
946 2198 1345 2256 recensionum
1386 2204 1652 2257 auctores
1697 2199 1782 2255 ita
1829 2202 2038 2269 agunt,
2104 2203 2207 2256 aut
2263 2213 2390 2256 eam

386 2273 602 2332 laboris
641 2273 985 2346 patientiam
1024 2273 1297 2347 afferunt,
1347 2279 1422 2333 ut‘
1469 2292 1541 2334 ex
1591 2275 1733 2334 locis
1784 2274 1928 2332 satis
1968 2289 2147 2346 saepe
2192 2289 2392 2333 recon-

385 2350 526 2407 ditis
568 2357 628 2408 et
667 2351 980 2424 disparatis
994 2393 1010 2422 ,
1049 2351 1110 2408 in
1147 2351 1465 2424 primisque
1505 2367 1576 2410 ex
1614 2350 1907 2411 veteribus
1949 2350 2390 2424 exemplaribuS,

384 2442 611 2485 omnem
670 2428 1012 2486 varietatem
1062 2426 1324 2487 lectionis
1385 2429 1753 2500 contrahant,
1816 2443 1931 2499 qua
1989 2426 2202 2485 deinde
2262 2443 2392 2485 cum

382 2504 638 2575 vulgatis
679 2509 1030 2576 comparata,
1072 2510 1432 2564 constantem
1461 2504 1917 2563 emendationem
1952 2505 2389 2576 aggrediantur.

386 2579 567 2638 Immo
608 2581 928 2639 consistunt
966 2579 1089 2639 fere
1129 2586 1252 2639 tum
1293 2581 1540 2654 demum,
1580 2582 1681 2640 ubi
1706 2580 2041 2670 impeditior
2068 2596 2270 2639 sensus
2297 2582 2390 2639 vel

381 2657 517 2728 ipsa
557 2657 750 2730 specie
788 2656 1156 2729 manifestum
1196 2657 1399 2717 vitium
1437 2659 1739 2729 obiicitur3
1781 2673 1897 2717 iam
1937 2656 2014 2715 ad
2052 2658 2242 2716 varias
2273 2657 2389 2716 lec-

379 2733 574 2791 tiones
614 2738 717 2791 aut
755 2733 832 2791 ad
871 2740 1038 2792 vetus
1081 2737 1382 2807 exemplar
1412 2733 1776 2808 confugiunt,
1831 2733 2011 2793 surda
2046 2735 2388 2808 plerumque

383 2810 653 2882 oracula,
701 2810 813 2867 nisi
864 2816 1197 2870 constanter
1235 2813 1684 2871 consulentibus.
1763 2812 1970 2882 Neque
2009 2811 2250 2868 multum
2302 2810 2389 2868 di-

385 2900 559 2944 versa
594 2886 746 2945 ratio
787 2892 878 2945 est
918 2902 1116 2947 eorum
1131 2932 1146 2959 ,
1197 2889 1322 2961 qui,
1378 2889 1740 2960 quantumvis
1787 2887 2077 2945 interdum
2118 2887 2276 2946 docti
2315 2903 2385 2945 ac

384 2961 683 3035 sollertes,
733 2979 956 3022 omnem
1010 2964 1471 3024 emendationem
1521 2981 1592 3024 ex
1646 2966 1866 3037 aliquot
1902 2963 2179 3022 librorum
2217 2963 2387 3023 MSS.

381 3035 502 3096 fide
540 3054 877 3112 suspensam
924 3057 1052 3099 esse
1092 3042 1316 3114 volunt,
1372 3048 1473 3100 aut
1513 3042 1611 3114 qui
1650 3047 1847 3110 texta,
1897 3056 2046 3112 quae
2094 3046 2387 3112 vocantur,

383 3114 563 3187 plane
605 3115 785 3176 edunt
824 3116 900 3174 ad
939 3119 1106 3175 unius
1149 3118 1499 3191 exemplum3
1540 3121 1698 3177 velut
1736 3119 1835 3177 isti
1874 3117 2111 3176 tandem
2151 3115 2285 3178 libri
2312 3116 2389 3175 ad

364 3191 686 3263 scriptoris
725 3193 971 3252 salutem
1009 3192 1144 3270 fatis
1185 3193 1462 3253 destinati
1502 3202 1713 3254 essent.

505 3267 598 3326 Ab
637 3268 748 3329 hoc
786 3269 1001 3342 leviore
1042 3276 1103 3329 et
1142 3269 1309 3342 quasi
1350 3272 1668 3332 desultorio
1696 3287 1909 3345 genere
1934 3269 2244 3344 plurimum
2273 3268 2389 3327 dis-

386 3350 594 3417 crepat
629 3345 804 3418 iusta,
844 3353 1131 3420 perpetua
1171 3353 1232 3408 et
1271 3349 1446 3407 certis
1486 3350 1631 3407 artis
1669 3349 1897 3422 legibus
1935 3346 2071 3404 nixa
2108 3346 2386 3405 recensio.

385 3420 455 3479 In
483 3421 584 3479 illo
611 3422 754 3481 nihil
780 3439 963 3496 prope
991 3423 1167 3497 aliud,
1195 3440 1366 3496 quam
1392 3426 1609 3498 passim
1636 3424 1925 3485 exstantia
1949 3423 2213 3494 aliquove
2241 3422 2388 3480 libro

384 3497 622 3569 prodita
645 3499 886 3558 vulnera
911 3516 1121 3559 sanare
1148 3501 1437 3574 volumus3
1473 3503 1914 3561 transmittimus
1941 3500 2128 3573 plura,
2158 3498 2234 3557 ad
2262 3514 2390 3557 sen·
2478 3574 2481 3577 ἦ

435 3598 496 3639 W
507 3608 533 3637 ο
543 3599 562 3638 l
573 3599 611 3648 1,
638 3598 976 3650 Prolegomeua.
2060 3610 2082 3648 1
