2734 4000
1251 229 1609 282 ...48-

427 375 577 436 forte
617 378 737 435 tale
776 393 890 436 non
927 375 1112 435 fuerit.
1142 375 1286 433 illud
1313 376 1571 449 Homeri,
1611 376 1865 434 libenter
1903 375 2205 448 audiemus
2228 392 2345 448 eos,
2386 394 2426 435 a
2465 427 2476 434 2

429 454 632 525 quibus
659 454 1008 512 remittimur
1036 452 1111 512 ad
1139 453 1282 511 alios
1309 458 1533 526 poetas,
1575 468 1717 524 quos
1745 470 1920 525 quum
1945 453 2168 525 liqueat
2194 453 2430 511 tritissi-

426 547 578 589 mam
602 530 873 598 habuisse
901 536 1086 589 artem
1113 529 1423 602 scribendi,
1465 546 1663 589 eorum
1687 531 1884 603 plures
1925 536 2119 588 tamen
2144 545 2430 601 nusquam

424 607 579 666 illius
619 608 967 667 mentionem
1005 608 1209 675 iacere,
1236 606 1514 665 videmus.
1583 607 1919 679 Quanquam
1959 607 2155 680 paullo
2196 606 2431 665 diversa

424 685 676 745 conditio
702 683 932 743 videtur
973 701 1100 743 esse
1126 684 1330 744 horum
1357 690 1419 742 et
1442 683 1865 743 Hesiodeorum
1889 682 2232 742 Carminum.
2273 683 2330 742 N
2331 700 2427 743 am

424 778 597 833 quum
636 763 697 820 in
736 768 900 820 tanta
936 760 1297 834 longitudine
1336 761 1567 820 illorum
1606 766 1695 819 tot
1739 759 2213 819 consuetudinum
2244 767 2304 820 et
2331 778 2425 820 ce-

420 838 667 897 lebrium
707 840 917 898 artium
943 839 1206 911 picturae
1233 838 1491 896 intextae
1519 838 1656 909 sint,
1697 838 1756 895 in
1782 838 1983 910 primis
2013 854 2229 909 earum,
2270 855 2421 910 quae

420 915 520 975 illo
559 922 821 988 tempore
861 917 1112 987 aliquam
1151 915 1662 974 admirabilitatem
1715 931 1787 972 ex
1825 916 2081 974 novitate
2120 915 2423 988 haberent,

419 993 480 1049 in
505 992 816 1052 Hesiodeis
857 1000 1051 1052 autem
1089 1008 1301 1064 magna
1338 1009 1476 1065 pars
1518 991 1877 1051 domesticae
1916 991 2259 1065 disciplinae
2298 998 2418 1050 tra-

422 1068 612 1143 datur,
654 1072 780 1128 iure
805 1071 1126 1141 meritoque
1151 1071 1383 1141 mirere,
1424 1069 1475 1127 si
1499 1073 1709 1127 neuter
1734 1068 2076 1126 utilissimae
2103 1069 2193 1127 rei
2222 1070 2423 1127 memi-

417 1147 585 1205 nerit.
625 1148 831 1219 Neque
858 1162 993 1207 vero
1022 1147 1163 1204 satis
1200 1144 1425 1204 firmum
1450 1162 1558 1218 per
1586 1161 1649 1203 se
1680 1150 1839 1203 esset
1856 1145 1967 1203 hoc
1995 1152 2415 1217 argumentum,

417 1230 519 1282 aut
558 1222 814 1296 dignum,
853 1225 913 1281 111
952 1241 1065 1296 quo
1103 1229 1411 1296 tantopere
1450 1239 1513 1281 se
1553 1223 1842 1280 iactarent
1868 1222 1978 1279 viri
2006 1220 2179 1280 docti.
2251 1222 2418 1294 Quod

418 1301 567 1358 enim
616 1302 703 1359 ita
751 1317 815 1374 se
865 1300 1104 1359 credere
1155 1298 1414 1360 fatentur
1451 1299 1670 1358 nullam
1716 1304 1903 1357 artem
1942 1297 2198 1359 Homero
2237 1296 2418 1357 fuisse

416 1378 749 1450 cognitam,
788 1393 937 1449 quae
977 1375 1133 1451 apud
1175 1392 1305 1435 eum
1344 1391 1459 1436 non
1497 1377 1853 1449 inveniatur,
1904 1374 2235 1433 retunditur
2272 1375 2419 1434 haec

415 1456 567 1514 ratio
612 1456 887 1527 exemplis
927 1455 1215 1513 variarum
1242 1454 1474 1523 artium,
1513 1470 1655 1524 quas
1676 1453 1832 1512 nullo
1859 1451 1987 1511 loco
2013 1452 2236 1524 laudat,
2277 1468 2421 1524 qua-

336 1559 389 1597 80
413 1548 539 1589 111111
581 1537 774 1589 tamen
813 1532 949 1590 talis
987 1538 1199 1590 natura
1240 1538 1346 1602 est,
1400 1536 1468 1588 ut
1506 1532 1673 1603 aliae,
1729 1546 1873 1602 quas
1913 1545 2091 1602 saepe
2132 1528 2407 1602 celebrat,

414 1608 539 1666 sine
581 1608 696 1665 illis
738 1609 1019 1666 exsistere
1060 1614 1122 1666 et
1159 1608 1470 1668 cohaerere
1509 1624 1624 1666 non
1662 1608 2006 1680 potuissent.

564 1685 885 1756 Pergamus
927 1686 1004 1743 ad
1030 1686 1206 1757 aliud,
1248 1685 1402 1757 quod
1428 1685 1612 1756 magis
1637 1685 1892 1743 continet
1921 1700 2172 1742 causam.
2235 1683 2418 1742 Dubi-

411 1768 596 1820 tatum
639 1767 731 1819 est
755 1762 890 1821 olim
903 1761 997 1834 4⁰),
1040 1780 1113 1820 an
1152 1779 1319 1820 usum
1340 1762 1617 1820 elixarum
1648 1761 1905 1818 carnium
1930 1761 2084 1819 norit
2110 1761 2414 1819 Homerus.

409 1839 540 1897 Non
581 1839 731 1896 enim
757 1839 936 1897 habet
961 1840 1196 1898 verbum
1225 1834 1404 1915 ἕψειν,
1444 1854 1558 1897 11011
1586 1837 1747 1895 aliud
1773 1838 2086 1911 potestatis
2118 1837 2411 1908 eiusdem3

408 1916 634 1973 nonnisi
681 1932 815 1974 assa
866 1916 1105 1989 apponit
1155 1916 1386 1973 mensis.
1466 1914 1547 1972 At
1601 1930 1738 1973 vero
1782 1915 1881 1986 qui
1920 1915 2021 1973 illa
2060 1914 2127 1971 Il.
2169 1933 2231 1991 φ.
2276 1921 2405 1973 362.

411 1991 616 2065 odyss.
649 2013 711 2069 μ.
756 1994 884 2052 237.
936 1994 1145 2052 cecinit
1195 1999 1254 2051 et
1311 1991 1523 2051 similia
1578 1990 1653 2050 de
1703 1991 1991 2051 lebetibus
2032 1992 2155 2064 igni
2194 1992 2411 2065 imponi

409 2071 613 2141 solitis,
655 2086 790 2129 num
816 2071 866 2128 is
895 2071 1283 2142 coquinariam
1308 2086 1434 2127 rem
1460 2070 1693 2142 penitus
1720 2070 1992 2142 ignorare
2018 2071 2249 2142 potuit?
2288 2070 2414 2129 Nec

407 2146 486 2220 id,
527 2149 749 2220 opinor,
791 2146 1134 2206 dubitabant
1172 2153 1418 2217 vetereS,
1461 2147 1559 2218 qui
1599 2146 1756 2204 illam
1793 2147 2189 2217 quaestionem
2217 2163 2411 2206 move-

405 2224 562 2282 bant.
623 2223 910 2296 Pingendi
948 2230 1152 2293 artem,
1193 2240 1342 2294 quae
1385 2238 1454 2282 eo
1494 2223 1727 2283 nomine
1769 2223 1945 2295 digna
1985 2224 2078 2294 sit,
2118 2223 2407 2283 Homerus

405 2301 619 2358 nullam
659 2299 928 2372 novit41);
968 2300 1196 2359 textilia
1238 2306 1298 2358 et
1324 2307 1704 2371 cognatarum
1743 2302 1954 2359 artium
1986 2317 2168 2372 opera
2193 2317 2406 2361 memo-

405 2383 500 2435 rat
538 2378 736 2449 multa,
777 2378 1062 2450 picturam
1101 2379 1333 2436 nullam.
1399 2377 1549 2436 Nam
1591 2378 1720 2448 quis
1759 2394 1967 2436 nomen
2004 2376 2114 2436 hoc
2151 2378 2410 2451 imponat

403 2454 672 2512 rubricae
711 2456 941 2512 navium
982 2460 1084 2513 aut
1121 2454 1434 2527 pigmentis
1464 2453 1706 2513 Caricae
1744 2455 2001 2511 mulieris
2010 2452 2110 2525 4²),
2149 2456 2407 2526 quamvis

404 2546 511 2602 per
549 2531 650 2589 illa
689 2533 841 2589 veris
880 2532 1124 2604 picturis
1163 2532 1458 2604 prolusum
1497 2532 1614 2589 sit?
1692 2532 1897 2602 Neque
1936 2532 2407 2603 militiaeneque

405 2606 560 2666 domi
598 2609 872 2666 usitatam
909 2609 1180 2668 heroibus
1220 2606 1401 2666 fuisse
1443 2608 1882 2680 equitationem,
1925 2614 2169 2680 utraque
2208 2609 2402 2680 poesis

405 2684 562 2742 clare
599 2684 880 2755 loquitur:
959 2702 1093 2743 nam
1142 2685 1491 2758 negligenda
1528 2685 1693 2744 nobis
1740 2690 1838 2742 est
1875 2686 2192 2743 auctoritas
2233 2686 2401 2743 unius

405 2760 703 2819 cuiusdam
741 2762 854 2821 loci
892 2762 959 2820 11.
1002 2783 1056 2818 κ.
1101 2770 1367 2834 513.sqq.
1408 2761 1671 2836 pluribus
1716 2760 1791 2819 de
1837 2762 2054 2820 causis:
2099 2761 2204 2819 sed
2241 2763 2402 2820 inau-

405 2939 951 3064 14824036Vestigium
987 2920 1234 3006 superest
1268 2955 1354 3007 ap.
1391 2939 1588 2994 Athen.
1622 2941 1664 2993 I.
1698 2954 1753 3006 p.
1791 2941 1876 2992 25.
1911 2937 1978 2991 D.
2026 2937 2115 3008 [cf.
2150 2937 2400 2993 Eustath.

535 3051 609 3151 “²11
648 3012 734 3148 fla
768 3101 916 3148 recte
941 3094 1076 3147 Plin.
1099 3092 1324 3160 XXXV,
1349 3098 1398 3147 3.
1425 3098 1557 3146 extr.
1633 3091 1734 3145 Oui
1767 3091 1886 3146 loco
1927 3107 2035 3145 non
2071 3090 2402 3155 adversatur,

399 3168 460 3216 ut
495 3163 712 3230 quidam
748 3169 956 3229 putant,
993 3163 1130 3215 alius
1166 3160 1404 3215 eiusdem
1426 3161 1621 3228 operis,
1655 3160 1911 3226 XXXIII,
1947 3162 2013 3227 7.,
2052 3160 2154 3213 etsi
2172 3161 2402 3214 fortasse

399 3246 468 3284 ex
504 3232 714 3285 diverso
750 3231 1009 3297 scriptore
1045 3229 1262 3296 petitus.
1319 3227 1608 3283 Confirmat
1644 3244 1758 3282 rem
1793 3228 2019 3282 historia
2041 3229 2236 3282 artium
2255 3228 2400 3296 apud

400 3298 652 3363 GraecoS,
688 3298 759 3352 ad
794 3299 946 3353 cuius
982 3298 1272 3366 scriptores
1307 3297 1653 3351 amandamus
1688 3296 1968 3351 lectorem.

536 3384 607 3451 42)
643 3383 703 3436 11.
743 3384 789 3435 ὃ.
832 3388 943 3437 141.
980 3398 1095 3450 sqq.
1167 3379 1311 3452 Νῆες
1365 3384 1643 3445 μέλαιναι,
1701 3383 2110 3452 μιλτοπάρῃαι,
2164 3400 2393 3452 φοινικο-

398 3453 610 3522 πάρῃαι
644 3451 950 3505 notissimae
987 3456 1112 3505 sunt
1147 3466 1216 3504 ex
1250 3450 1432 3505 multis
1467 3450 1724 3505 versibus.
