2734 4000
1207 205 1561 258 -36-

381 354 722 416 facilitatem
759 356 1195 430 perduceretur.
1272 353 1508 412 Etenim
1547 361 1824 425 quantum
1866 361 1926 414 et
1964 371 2137 426 quam
2176 356 2280 414 diu
2317 359 2378 415 in

380 433 490 492 hoc
530 449 745 506 genere
783 433 1109 492 laboratum
1149 430 1226 488 sit
1263 431 1401 488 olim
1426 430 1935 490 instrumentorum
1961 433 2224 505 penuria,
2267 435 2380 491 sin-

380 510 621 582 gulatim
659 511 934 583 persequi
972 510 1160 582 ipsum
1199 506 1365 566 labor
1407 514 1513 566 est.
1580 508 1731 567 Eum
1760 516 1957 568 tamen
1982 509 2238 568 laborem
2264 527 2379 569 non

380 588 607 645 omnino
647 585 941 660 defugiam
982 600 1182 644 eorum
1222 583 1431 656 gratia,
1473 585 1572 656 qui
1608 586 1778 644 nimis
1820 586 2037 644 assueti
2065 602 2383 659 pennarum

379 679 612 721 suarum
662 664 1107 734 chartarumque
1154 661 1383 719 levitati
1434 659 1808 722 difficultates
1846 662 2178 722 huiusmodi
2216 681 2253 723 a
2290 680 2383 723 me

377 745 616 812 praeter
655 740 888 800 modum
926 738 1133 810 augeri
1169 743 1394 810 putent.

530 816 885 875 Percurrant
923 832 1064 889 ergo
1102 830 1325 872 mecum
1367 831 1456 888 ea,
1498 816 1557 874 in
1599 815 1807 887 quibus
1850 816 2155 889 graphium
2196 817 2376 876 Grae-

377 908 572 952 corum
613 894 688 952 ab
729 893 981 965 antiquis
1035 891 1413 964 scriptoribus
1451 892 1706 950 traditur
1754 893 2077 951 miserrime
2115 894 2377 953 haesisse

377 969 452 1027 ad
492 971 786 1029 saeculum
824 969 950 1028 fere
988 969 1085 1028 VI.
1128 974 1263 1027 ante
1305 967 1458 1041 Chr.,
1500 985 1613 1040 quo
1652 970 1898 1043 primum
1925 970 2114 1028 biblus
2144 986 2248 1029 seu
2273 988 2377 1044 pa-

374 1062 550 1119 pyrus
570 1049 847 1107 maiorem
867 1046 1330 1105 commoditatem
1351 1046 1547 1104 attulit
1558 1044 1652 1118 22).
1679 1046 1798 1105 Sed
1819 1044 1958 1105 folia
1980 1052 2041 1105 et
2057 1047 2268 1105 librum
2288 1065 2379 1107 ar-

298 1138 349 1178 eo
374 1122 578 1182 borum
604 1123 856 1196 sibyllis,
881 1124 1021 1182 item
1041 1121 1305 1182 fabuloso
1325 1121 1535 1181 Dareti
1554 1129 1615 1181 et
1633 1123 1960 1181 amantibus
1979 1124 2373 1198 relinquimuS,

376 1201 486 1258 etsi
505 1201 663 1260 illius
693 1202 869 1260 moris
889 1199 1196 1273 vestigium
1216 1198 1507 1271 quoddam
1528 1200 1714 1257 videri
1732 1200 1919 1272 possit
1939 1216 2067 1259 esse
2088 1201 2148 1258 in
2168 1197 2375 1278 ἐκφυλ-

377 1274 621 1354 λοφορίᾳ
659 1283 721 1336 et
757 1278 817 1335 in
842 1277 1148 1350 petalismo
1176 1276 1536 1348 Syracusano
1566 1276 1830 1347 [Diodor.
1859 1276 1961 1335 XI.
1991 1280 2109 1350 87].
2169 1279 2398 1354 Neque

54 1358 217 1412 min..
235 1353 520 1412 &tadeo
567 1355 630 1411 in
668 1354 897 1412 testulis
936 1353 1247 1425 aliquando
1285 1352 1460 1411 scribi
1487 1354 1718 1416 solitum
1746 1354 2047 1425 quisquam
2076 1354 2276 1413 docuit
2303 1371 2373 1412 ex

62 1467 69 1488 2
373 1445 470 1501 eo,
524 1430 679 1501 quod
728 1437 837 1503 per
884 1431 1016 1489 illas
1069 1429 1352 1502 quaedam
1406 1429 1683 1502 suffragia
1719 1429 1925 1488 fierent
1964 1430 2226 1489 Athenis.
2305 1432 2373 1490 In

160 1521 166 1532 .

52 1568 79 1590 1.
102 1576 149 1590 -ε-
216 1563 287 1596 ’ΛΑ

290 1565 335 1596 a!

291 2061 340 2100 61

325 3324 331 3357 t

328 3362 333 3387 ι

328 3397 337 3435 ἱ

371 1506 660 1579 lapidibus
702 1513 915 1579 autem,
955 1509 1015 1565 in
1054 1507 1227 1579 lignis
1269 1511 1330 1564 et
1368 1506 1594 1574 lam-inis
1633 1508 1996 1565 metallorum
2035 1509 2224 1580 prima
2249 1514 2375 1566 ten-

370 1583 591 1642 tamina
626 1582 784 1642 facta
824 1600 970 1656 esse,
1008 1584 1241 1641 minime
1281 1583 1515 1641 dubium
1556 1590 1672 1642 est:
1715 1590 1876 1642 certe
1915 1584 2150 1657 optimis
2178 1591 2374 1644 aucto-

369 1659 529 1718 ribus
579 1660 965 1733 accredimus,
1019 1661 1181 1732 leges
1239 1660 1447 1731 ligneis
1488 1660 1703 1718 tabulis
1745 1667 1806 1719 et
1845 1661 2046 1719 axibus
2087 1677 2124 1719 a
2163 1662 2372 1721 Solone

371 1736 616 1808 aliisque
654 1737 885 1795 incisas.
964 1737 1046 1795 At
1068 1737 1203 1795 huic
1227 1737 1510 1794 materiae
1537 1737 1681 1795 alias
1710 1754 1882 1809 quam
1914 1738 2182 1810 publicas
2218 1739 2372 1797 litte-

373 1829 471 1871 ras
497 1813 862 1872 mandavisse
891 1813 1165 1885 Graecos,
1203 1829 1373 1871 nemo
1400 1819 1621 1871 temere
1648 1814 1868 1884 credat,
1908 1815 2021 1872 nisi
2049 1815 2141 1872 cui
2161 1815 2370 1874 Boeoti

369 1890 768 1962 persuaserint
798 1890 871 1948 de
902 1890 1171 1963 plumbeo
1207 1907 1311 1948 suo
1345 1891 1659 1963 exemplari
1687 1883 1905 1968 Ἔργων
1925 1890 2186 1964 Hesiodi,
2215 1892 2369 1963 quod

370 1966 533 2025 iuxta
570 1965 787 2026 fontem
826 1967 1121 2028 Heliconis
1161 1966 1307 2025 vidit
1331 1965 1652 2026 Pausanias
1663 1966 1757 2041 ²³),
1799 1967 1904 2026 sed
1924 1973 2216 2027 vetustate
2241 1968 2367 2043 plu-

367 2044 529 2103 rimis
577 2044 844 2117 partibus
893 2050 1224 2118 corruptum
1264 2043 1496 2101 videtur
1532 2045 1732 2119 legere
1771 2061 1886 2104 non
1923 2047 2200 2118 potuisse.
2280 2046 2363 2105 Ut

367 2135 503 2179 vero
543 2120 775 2194 publica
794 2127 1161 2180 monumenta
1185 2121 1343 2193 ligno
1374 2127 1549 2192 atque
1574 2123 1843 2194 metallis,
1884 2122 1971 2180 ita
1997 2128 2261 2194 utraque,
2302 2124 2363 2180 in

365 2197 566 2270 primis
592 2198 839 2270 privata,
878 2198 1071 2257 linteis
1098 2198 1381 2270 inscripta
1406 2212 1553 2269 esse,
1581 2215 1860 2271 perquam
1888 2197 2166 2257 credibile
2192 2198 2363 2271 foret,

367 2275 417 2332 si
461 2274 632 2333 modo
682 2275 909 2333 omnino
956 2276 1066 2333 hoc
1117 2291 1297 2349 genus
1338 2274 1686 2333 voluminum
1740 2275 1896 2348 apud
1938 2275 2194 2334 Graecos
2242 2276 2361 2335 ullo

363 2356 630 2424 tempore
670 2352 946 2410 usitatum
972 2349 1193 2410 fuisset.
1256 2351 1425 2423 Quod
1452 2367 1623 2422 quum
1652 2368 1822 2412 secus
1848 2354 1942 2425 sit,
1982 2352 2159 2424 idque
2182 2368 2361 2425 genus

500 2531 572 2599 ²2)
606 2529 901 2598 Vulgarem
936 2529 1243 2597 opinionem
1268 2528 1335 2582 de
1359 2545 1431 2595 pa
1534 2546 1565 2583 o
1583 2528 1800 2583 invento
1823 2528 2205 2598 Alexandriae,
2242 2546 2362 2597 pro-

363 2598 559 2652 fectam
593 2615 627 2652 a
660 2598 737 2652 M.
774 2597 1016 2653 Varrone
1051 2613 1084 2651 a.
1127 2639 1138 2650 .
1174 2597 1309 2650 Plin.
1345 2597 1425 2651 XI
1456 2545 1620 2664 13:111,
1655 2602 1756 2664 21„
1792 2598 1976 2666 plures
2010 2598 2117 2651 iam
2152 2598 2363 2665 pridem

362 2666 614 2720 viderunt
648 2667 838 2720 falsam
874 2681 1005 2720 esse.
1116 2666 1354 2721 nimvero
1404 2666 1617 2719 locutus
1660 2665 1877 2719 videtur.
1911 2668 2081 2719 Varro
2120 2666 2186 2720 de
2224 2681 2362 2720 com-

361 2734 601 2789 modiore
621 2734 851 2802 quadam
870 2735 1078 2788 ratione
1103 2732 1381 2787 faciendae
1400 2735 1621 2787 chartae
1645 2749 2003 2801 papyraceae,
2037 2734 2188 2802 quali
2211 2740 2362 2788 aetas

362 2818 462 2857 sua
495 2803 763 2857 utebatur.
834 2801 999 2856 Cuius
1032 2803 1113 2855 rei
1149 2801 1318 2855 simile
1355 2801 1609 2870 quiddam
1644 2801 1922 2855 notabitur
1954 2803 2136 2870 paullo
2160 2809 2284 2870 post
2307 2802 2363 2855 in

362 2872 553 2926 charta
598 2871 946 2939 Pergamena.
1026 2869 1226 2924 Contra
1272 2869 1427 2923 nihili
1474 2876 1599 2924 sunt
1642 2870 1906 2937 rationes,
1959 2877 2184 2937 propter
2227 2886 2362 2949 quas

360 2939 699 3007 scriptorium
721 2954 876 2994 usum
900 2938 1093 3007 papyri
1116 2937 1246 3005 ipsis
1265 2938 1495 2993 saeculis
1528 2945 1713 2992 vatum
1745 2939 1984 3005 assignat
2008 2937 2360 2992 Guilandmus

360 3007 650 3063 Comment.
688 3007 744 3060 in
779 3011 813 3062 3
847 3007 982 3061 Plin.
1019 3021 1173 3086 capp.
1208 3006 1276 3060 de
1311 3022 1523 3075 papyro
1548 3006 1624 3059 M.
1648 3006 1716 3060 11.
1740 3022 1792 3073 p.
1825 3007 2026 3074 17.sqq.
2085 3011 2162 3060 At
2183 3007 2356 3074 quinti

357 3090 407 3130 a.
445 3075 567 3130 Ohr.
601 3075 800 3129 saeculi
835 3075 1142 3129 testimoma
1163 3073 1422 3143 videmus,
1458 3074 1792 3129 comicorum
1815 3080 2115 3144 poetarum,
2153 3074 2357 3127 Cratini

358 3149 414 3196 et
448 3143 687 3198 Platonis
722 3158 808 3211 ap.
845 3142 1118 3197 Pollucem
1153 3140 1274 3195 VII.
1311 3148 1451 3196 extr.
1486 3158 1520 3196 a
1581 3158 1649 3196 ue
1684 3141 1949 3196 Herodoti
1983 3143 2012 3195 l.
2043 3142 2076 3195 l.
2148 3142 2358 3196 Primus

357 3211 571 3265 illorum
601 3211 1029 3281 βιβλιογράφον,
1077 3211 1217 3265 alter
1287 3212 1465 3279 άρτας
1499 3148 1716 3264 htgbuit·
1762 3210 1970 3278 tertius,
2009 3216 2064 3263 et
2099 3210 2146 3263 is
2181 3210 2355 3263 minus

358 3277 572 3347 quidem
619 3278 894 3347 ambigue,
949 3279 1181 3344 βίβλους
1224 3296 1258 3332 a
1279 3279 1450 3346 iisque
1509 3278 1640 3333 locis
1672 3249 1865 3344 βιβλία
1882 3318 1896 3344 ,
1946 3284 2108 3346 atque
2160 3279 2217 3331 in
2263 3278 2354 3331 illo

358 3347 488 3400 satis
523 3345 804 3415 significat,
841 3362 939 3402 sua
962 3352 1141 3401 aetate
1176 3364 1285 3402 non
1319 3363 1516 3401 novum
1552 3346 1716 3401 fuisse
1755 3362 1910 3400 usum
1947 3346 2157 3415 papyri.

490 3432 563 3521 2³)
599 3432 695 3501 lx,
730 3437 813 3488 31.
848 3449 901 3501 p.
938 3434 1055 3489 7¹71.
