2734 4000
1168 268 1239 281 -.
1311 245 1381 299 11
1451 271 1526 282 —

455 545 574 605 Sed
612 561 980 618 nequaquam
1021 561 1113 603 me
1152 546 1414 618 poenitet
1451 546 1621 604 huius
1648 546 1845 616 studii,
1888 546 2042 618 quod
2069 562 2177 621 per
2202 546 2351 606 hanc

335 623 701 681 occasionem
727 622 787 679 in
808 623 1158 682 tractatione
1179 628 1440 681 veterum
1465 623 1982 682 Grammaticorum
2004 625 2351 697 consumpsi.

335 699 519 758 Immo
559 704 781 757 tantum
825 715 893 758 eo
935 715 1027 757 me
1068 699 1331 758 adiutum
1357 700 1564 772 sentio,
1606 716 1722 759 non
1748 700 1919 760 modo
1948 700 2024 759 ad
2048 700 2158 760 hoc
2184 717 2349 774 opus,

336 775 446 833 sed
486 775 563 835 ad
603 792 827 834 omnem
847 774 1205 847 ‚facultatem
1243 776 1479 848 linguae
1508 776 1788 849 Graecae,
1828 778 2114 836 neminem
2155 782 2221 835 ut
2259 794 2350 836 ar-

337 852 527 911 bitrer
564 852 626 910 in
665 853 782 921 ullo
826 852 1050 913 Graeco
1068 896 1073 900 -
1092 854 1378 926 scriptore
1419 853 1643 913 edendo
1682 851 1965 926 proficere
2004 869 2197 928 posse,
2238 854 2351 912 nisi

338 929 515 986 simili
555 945 729 987 cursu
765 930 1030 989 lectionis
1070 936 1389 1003 praecepta
1427 930 1654 989 illorum
1699 931 2018 1003 collegerit,
2061 935 2121 990 et
2147 928 2224 989 ad
2249 947 2350 1004 op-

338 1005 513 1064 timas
551 1006 807 1065 rationes
849 1007 1283 1065 examinaverit.
1362 1006 1568 1078 Neque
1607 1007 1668 1065 id
1708 1007 2015 1067 molestum
2055 1007 2350 1079 negotium

343 1086 438 1141 est
478 1083 558 1154 ei,
598 1083 698 1154 qui
737 1083 1005 1141 assiduus
1047 1087 1107 1141 et
1146 1083 1327 1142 alacri
1365 1084 1555 1143 animo
1595 1083 1837 1143 idoneas
1876 1084 1964 1142 rei
2002 1083 2175 1143 horas
2226 1100 2350 1142 car-

342 1175 486 1233 pere
537 1160 842 1218 consuerit.
926 1159 1115 1219 Credo
1165 1176 1305 1218 sane
1353 1158 1581 1218 facilius
1638 1177 1784 1233 esse,
1835 1160 2350 1220 Grammaticorum

342 1235 612 1294 minutias
652 1236 957 1309 ridentem,
999 1237 1073 1295 de
1112 1236 1407 1296 Homerici
1447 1237 1664 1295 saeculi
1702 1236 1974 1296 barbarie
2016 1242 2077 1295 et
2113 1237 2350 1297 horrido

345 1313 467 1370 sive
519 1312 746 1372 erudito
798 1314 957 1372 cultu
1015 1314 1319 1385 sermonis,
1381 1313 1455 1372 de
1507 1311 1756 1373 fabulari
1805 1314 2052 1374 historia
2102 1319 2163 1371 et
2210 1314 2351 1372 insi-

345 1389 566 1463 pientia
613 1390 894 1463 mythica,
946 1391 1039 1449 vel
1087 1390 1162 1448 de
1215 1390 1365 1463 epici
1408 1390 1691 1449 Carminis
1741 1390 2051 1449 virtutibus
2107 1407 2179 1449 ex
2216 1389 2351 1448 Ari-

347 1467 574 1526 stotelis
639 1467 889 1526 decretis
947 1467 1291 1541 philosopho
1356 1460 1645 1526 m‘olsmine
1711 1468 2029 1541 disputare.
2125 1468 2351 1540 Nempe

346 1542 547 1602 taedet
582 1543 642 1600 in
681 1544 797 1602 ista
837 1543 1086 1604 lectione
1127 1543 1327 1603 doctos
1366 1544 1729 1605 indoctarum
1769 1543 2129 1616 quarundam
2160 1549 2220 1602 et
2247 1544 2349 1601 mi-

345 1624 612 1678 nutarum
652 1621 1028 1692 argutiarum.
1106 1621 1188 1679 At
1226 1621 1474 1694 primum
1514 1621 1799 1681 modestia
1839 1626 1998 1679 vetat
2024 1621 2200 1679 ullam
2225 1636 2350 1678 rem

347 1701 730 1769 contemnere,
756 1698 1103 1770 priusquam·
1123 1713 1249 1756 eam
1277 1697 1459 1771 probe
1486 1699 1845 1770 cognoveris.
1913 1698 2011 1769 Et,
2039 1713 2112 1755 ne
2142 1697 2349 1769 dicam,

348 1790 519 1846 quam
557 1775 740 1833 multa
778 1775 863 1832 illi
901 1774 1067 1833 nobis
1107 1774 1217 1833 soli
1256 1791 1328 1832 ex
1366 1779 1600 1833 vetusta
1638 1775 1924 1834 memoria
1974 1772 2348 1846 servaverint,

2379 1430 2562 1511 „im

345 1850 521 1908 iidem
561 1852 817 1923 argutuli
856 1866 1034 1924 saepe
1075 1852 1251 1909 etiam
1291 1851 1521 1910 sensum
1561 1851 1865 1910 verborum
1907 1851 2124 1925 optime
2180 1866 2351 1924 expe·
2377 1869 2429 1909 20

348 1927 539 2000 diunt,
592 1928 807 2001 quippe
861 1944 1003 2000 quos
1052 1944 1192 1986 usus
1230 1928 1465 2001 linguae
1514 1927 1766 1986 nondum
1818 1928 2050 2002 penitus
2104 1927 2351 1986 amissus

346 2010 504 2064 tutos
542 2005 885 2078 praestabat
924 2021 961 2064 a
999 2005 1259 2079 pluribus
1302 2006 1594 2065 erroribus
1610 2051 1625 2078 ,
1681 2022 1823 2078 quos
1863 2005 2037 2065 hodie
2076 2006 2226 2064 male
2266 2009 2353 2063 te-

348 2082 534 2154 gimus
592 2097 776 2141 novae
834 2083 1333 2156 interpretationis
1408 2082 1653 2141 deliciis.
1751 2084 1820 2141 In
1869 2082 2124 2142 Homero
2177 2098 2352 2156 porro

351 2158 660 2230 singularis
701 2159 1012 2219 oblectatio
1053 2159 1337 2231 quaedam
1379 2167 1438 2217 et
1476 2159 1732 2231 dignitas
1785 2159 1938 2218 illius
1992 2175 2208 2232 operae
2261 2174 2354 2217 ac-

348 2234 506 2294 cedit
547 2251 619 2294 ex
658 2252 753 2308 eo,
807 2236 960 2307 quod
1009 2237 1298 2295 variarum
1338 2236 1649 2295 lectionum
1691 2241 1752 2295 et
1800 2252 2081 2296 canonum
2136 2235 2355 2294 techni-

351 2328 565 2385 corum,
608 2328 750 2385 quos
790 2312 926 2371 libri
966 2313 1327 2386 grammatici
1365 2318 1428 2371 et
1467 2313 1699 2372 Scholia
1724 2312 2030 2387 praebent,
2071 2311 2355 2384 conquisi-

350 2388 511 2464 tione
553 2394 613 2447 et
652 2405 897 2448 censura
933 2390 994 2447 in
1033 2395 1199 2449 vetus
1240 2395 1301 2448 et
1337 2390 1631 2463 plerisque
1671 2391 1924 2461 antiquis
1975 2387 2355 2461 scriptoribus

349 2465 641 2537 antiquius
691 2481 895 2524 aevum
947 2483 1018 2525 ac
1067 2467 1234 2538 quasi
1273 2468 1333 2524 in
1375 2467 1714 2526 societatem
1767 2482 2038 2526 vocamur
2092 2465 2355 2524 doctissi-

347 2559 570 2602 morum
602 2542 962 2616 Griticorum,
1004 2560 1246 2615 quorum
1286 2543 1503 2602 iudicia
1544 2547 1605 2601 et
1642 2543 2107 2616 praeceptiones,
2146 2540 2353 2613 quibus

348 2619 486 2678 olim
549 2619 840 2679 Ciceronis
855 2664 870 2692 ,
924 2620 1183 2692 Virgilii,
1237 2620 1486 2702 Horatii,
1535 2620 1932 2679 adolescentia
1997 2617 2265 2678 alebatur
2285 2617 2354 2689 1),

348 2695 608 2768 quamvis
649 2696 724 2754 de
764 2696 1016 2770 Graeca,
1061 2696 1123 2754 id
1165 2702 1256 2755 est
1291 2697 1487 2770 patria
1524 2698 1807 2770 ipsorum,
1849 2697 2049 2768 lingua
2088 2695 2354 2768 scriptas,

348 2788 454 2831 nos
492 2772 726 2831 barbari
775 2770 1082 2851 ὀψιμαθεῖς
1120 2774 1339 2847 passim
1387 2790 1503 2833 non
1552 2773 1802 2832 absurde
1842 2772 2130 2845 refingere
2184 2786 2356 2844 posse

351 2848 663 2907 videamur.
751 2850 952 2909 Talem
1001 2851 1386 2910 conditionem
1439 2850 1625 2908 critici
1676 2850 1929 2908 muneris
1943 2893 1959 2921 ,
2019 2849 2211 2907 nullus
2266 2852 2358 2906 est

351 2926 602 2999 scriptor
639 2933 743 2985 aut
781 2932 956 3000 poeta
995 2928 1376 3000 antiquitatis,
1417 2928 1516 2999 qui
1555 2926 1797 3000 perinde
1836 2932 2012 2998 atque
2038 2925 2133 2983 hic
2159 2929 2359 2984 noster

351 3002 573 3062 offerat.
654 3004 842 3075 Quum
881 3021 1018 3063 vero
1058 3005 1307 3078 plurima
1347 3021 1420 3063 ex
1443 3004 1673 3062 illorum
1706 3003 2048 3078 criticorum
2077 3016 2358 3061 commen-

351 3079 518 3138 tariis
532 3123 547 3151 ,
598 3085 875 3152 tanquam
925 3096 1033 3154 per
1078 3097 1280 3140 manus
1332 3080 1554 3139 tradita
1569 3123 1585 3148 ,
1637 3080 1755 3138 alia
1804 3080 1865 3137 in
1915 3080 2063 3138 alias
2113 3082 2357 3148 aetates,

350 3156 741 3216 vetustissima
777 3159 990 3232 partim
1027 3158 1088 3216 in
1127 3158 1467 3217 novissimas
1483 3202 1497 3230 ,
1539 3156 1908 3228 devenerint,
1948 3170 2146 3215 omnes
2186 3154 2356 3212 istius

510 3320 562 3395 1)
599 3333 723 3389 Non
758 3334 1038 3389 ambitiose
1071 3334 1176 3389 hoc
1211 3333 1333 3401 dici,
1368 3332 1554 3401 plures
1578 3330 1683 3386 1001
1709 3331 2001 3394 ciceronis,
2039 3330 2275 3386 senecae
2301 3333 2358 3382 et

350 3401 578 3458 aliorum
613 3402 824 3469 docent,
857 3408 1020 3471 atque
1057 3402 1227 3457 omnis
1261 3401 1402 3456 ratio
1439 3399 1819 3470 grammaticae
1854 3404 1911 3453 et
1946 3397 2185 3453 liberalis
2209 3397 2357 3452 insti·

350 3470 576 3527 tutionis
610 3470 755 3540 apud
790 3471 1077 3527 Romanos,
