2734 4000
1179 266 1539 319 —59-

344 405 704 477 collegerunt
744 405 995 478 quidam,
1035 410 1322 464 versatam
1350 420 1479 464 esse
1506 421 1744 478 operam
1771 421 1973 465 eorum
1994 406 2053 463 in
2079 405 2339 465 versibus
2370 415 2424 453 ⁹⁷

343 483 563 554 passim
602 482 978 554 excerpendis
1019 488 1079 541 et
1118 482 1586 551 consarcinandis
1626 482 1702 541 ad
1741 482 1970 545 modum
1997 482 2336 555 Centonum‚

346 559 547 629 quales
590 574 662 616 ex
698 558 950 618 Homero
992 576 1029 617 a
1068 560 1283 617 sanctis
1324 560 1528 618 animis
1568 557 1706 618 facti
1748 565 2002 632 exstant,
2050 558 2342 618 ridiculae

343 636 601 708 ineptiae
648 636 709 692 in
748 652 969 694 summa
990 637 1278 708 gravitate
1317 652 1528 694 rerum.
1607 635 1801 707 Atque
1841 635 2154 694 absurdum
2191 636 2340 693 illud

289 741 302 750 ‚
346 717 729 771 commentum
768 713 943 771 etiam
981 714 1207 786 turpius
1247 718 1512 772 ornatum
1553 719 1644 771 est
1683 713 1756 771 ab
1805 712 1877 770 iis
1892 757 1908 785 ,
1963 713 2062 784 qui
2100 714 2343 771 circula-

320 2622 336 2662 ἲ

282 2663 288 2668 ’
322 2683 334 2761 ι

307 3243 336 3398 Ι

344 789 525 848 torios
566 794 832 848 cantores
870 790 963 847 sui
997 790 1276 862 temporis
1302 789 1608 862 rhapsodis
1629 790 1845 847 similes
1872 791 2003 861 rati,
2043 805 2157 862 reS‚
2199 806 2342 861 quas

347 866 432 922 illi
470 866 802 938 cecinerint,
842 866 902 923 in
940 865 1141 925 tabula
1166 867 1353 939 pictas
1382 872 1442 924 et
1466 866 1675 925 bacillo
1704 866 2129 926 demonstratas
2155 865 2337 939 finge-

345 942 503 1000 bant.
582 942 815 1000 Tertius
855 959 1018 1002 error
1055 943 1340 1001 latissime
1380 948 1562 1016 patet,
1601 943 1712 1002 hoc
1748 944 1876 1003 loco
1914 943 2078 1002 nobis
2118 944 2178 1000 in
2217 944 2336 1016 pri-

346 1019 454 1076 mis
495 1019 913 1090 coarguendus.
978 1020 1130 1078 Nam
1170 1020 1324 1091 quod
1363 1026 1517 1078 ante‘
1538 1021 1812 1078 usitatam
1838 1020 2130 1078 scribendi
2154 1026 2339 1078 artem

348 1111 645 1154 commune
686 1102 813 1154 erat
842 1096 1202 1156 Carminibus
1242 1096 1521 1169 omnibu3‚
1562 1097 1853 1169 singulare
1891 1097 2144 1157 Homero
2184 1097 2348 1155 insti-

346 1178 536 1230 tutum
573 1170 855 1244 fecerunt,
899 1189 1143 1245 eumque
1171 1179 1379 1246 vatem,
1421 1190 1591 1246 quem
1617 1173 1836 1246 ingenii
1861 1175 1951 1231 sui
1976 1179 2347 1233 monumenta

349 1249 564 1322 scripto
605 1250 975 1321 consignasse
1012 1267 1127 1309 non
1167 1249 1528 1323 dubitabant,
1567 1267 1744 1309 unum
1783 1251 1876 1309 vel
1901 1252 1963 1308 in
1988 1251 2189 1322 paucis
2218 1266 2349 1308 can-

345 1326 511 1384 titari
551 1332 611 1385 et
648 1326 981 1385 memoriter
1019 1328 1247 1399 vulgari
1285 1328 1518 1386 solitum
1556 1332 1852 1399 putarunt.
1913 1327 2022 1386 Oui
2046 1328 2260 1386 rationi
2287 1332 2349 1385 et
2458 1341 2467 1349 ·
2496 1334 2503 1341 ‘

269 1422 280 1431 ·
346 1403 477 1491 ipsa
525 1419 622 1461 res
674 1409 734 1461 et
781 1409 1041 1462 veterum
1092 1404 1408 1464 auctoritas
1457 1420 1693 1476 prorsus
1743 1410 2047 1477 repugnat.
2134 1404 2340 1475 Neque

349 1495 499 1537 enim
548 1481 715 1538 unius
774 1480 1042 1553 Homeri,
1096 1480 1201 1539 sed
1261 1487 1321 1539 et
1368 1480 1612 1540 Hesiodi
1672 1487 1732 1539 et
1771 1481 2011 1540 aliorum
2053 1479 2339 1553 Carmina,

347 1572 628 1627 omneque
668 1558 895 1630 epicum
933 1573 1115 1629 genus
1128 1599 1148 1627 ,
1198 1575 1331 1617 mox
1367 1558 1612 1629 lyricum
1652 1573 1880 1629 quoque
1920 1562 1980 1615 et
2018 1557 2338 1628 iambicum,

349 1634 648 1705 complexa
687 1639 778 1692 est
817 1650 911 1692 ars
950 1634 1371 1707 rhapsodorum
1381 1633 1475 1707 ⁶⁸),
1513 1632 1737 1706 fuitque
1757 1634 1858 1692 diu
1883 1635 2030 1693 haec
2057 1635 2226 1693 unica
2252 1634 2346 1692 via
2379 1649 2431 1689 98

347 1709 578 1783 publice
615 1709 903 1783 prodendi
937 1711 1172 1783 ingenii,
1215 1716 1280 1770 ut
1307 1712 1484 1769 etiam
1507 1711 1921 1783 Xenophanem
1949 1717 2220 1783 poemata
2247 1727 2353 1769 sua

345 1788 538 1859 ipsum
569 1784 918 1876 ῥαψῳδῆσαι
955 1788 1214 1860 legamus
1230 1787 1323 1859 ⁶⁴).
1390 1788 1456 1845 In
1481 1788 1806 1847 Homericis
1848 1794 2058 1860 autem,
2098 1790 2348 1848 omnium

347 1864 880 1938 praestantissimiS,
920 1865 1297 1937 plurimorum
1337 1864 1532 1923 studia
1568 1864 1846 1937 haesisse,
1888 1870 1947 1924 et
1975 1867 2138 1937 quasi
2176 1867 2342 1934 fami-

349 1943 481 1996 liam
531 1940 819 2013 quandam
871 1942 1164 2002 exstitisse
1206 1944 1657 2013 Homeridarum,
1710 1957 1858 2013 quae
1896 1943 2142 2015 primum
2181 1942 2337 2016 apud

350 2017 540 2090 chios,
582 2018 792 2076 deinde
832 2018 970 2077 alibi
1007 2019 1159 2078 hanc
1185 2024 1372 2078 artem
1399 2018 1801 2092 exerceretffi),
1841 2021 2149 2079 multorum
2174 2021 2343 2079 testi-

346 2095 551 2153 moniis
593 2093 978 2153 confirmatur.

347 2307 492 2359 Athe
519 2237 799 2374 &jxgridss
830 2238 966 2361 1333.
1004 2237 1070 2360 ge
1107 2238 1277 2306 Legg.
1313 2237 1385 2291 II.
1424 2254 1478 2306 p.
1517 2240 1633 2293 658.
1669 2238 1755 2306 D.,
1787 2239 1845 2292 in
1878 2239 2007 2293 Ione
2042 2242 2252 2307 p..530.
2287 2237 2354 2291 B.

494 2323 545 2359 n.
713 2348 725 2359 .
804 2348 815 2359 .
957 2341 996 2359 ..
1052 2348 1064 2359 .

485 2393 557 2458 64)
590 2394 694 2460 Ap.
730 2392 889 2461 Diog.
924 2392 1109 2445 Laert.
1134 2389 1232 2457 IX,
1273 2395 1352 2445 18.
1425 2392 1598 2459 Quem
1634 2393 1810 2447 locum
1832 2390 2055 2446 Rossius
2088 2405 2261 2459 nuper
2294 2390 2352 2443 in

348 2460 723 2514 commentatt.
757 2459 940 2513 Laert.
976 2476 1084 2515 non
1127 2459 1317 2514 melius
1352 2462 1565 2530 accepit
1588 2477 1747 2530 quam
1771 2460 2091 2515 Feuerlinus
2126 2459 2182 2512 in
2217 2458 2358 2512 Diss.

348 2526 416 2581 de
450 2528 783 2596 Xenophane
824 2544 877 2596 p.
913 2532 994 2583 21.

485 2613 556 2680 65)
589 2613 873 2668 Familiam
908 2613 1027 2667 dico
1063 2628 1130 2667 ea
1163 2613 1571 2683 significatione,
1606 2631 1714 2683 qua
1735 2613 1968 2669 familiae
1994 2613 2335 2682 appellantur

348 2685 527 2735 sectae
561 2682 648 2735 vel
680 2682 894 2736 scholae
928 2680 1384 2750 philosophorum,
1421 2699 1529 2737 non
1552 2690 1809 2751 tanquam
1827 2683 2047 2750 stirpem
2071 2687 2127 2734 et
2144 2696 2336 2749 proge-

346 2748 489 2802 niem
524 2749 760 2804 Homeri.
813 2750 969 2803 Hanc
1003 2749 1504 2818 interpretationem
1538 2751 1900 2819 relinquamus
1935 2749 2160 2804 vanitati
2179 2748 2338 2802 Chio-

346 2833 469 2871 rum
503 2833 591 2885 ap.
627 2817 800 2872 Strab.
835 2817 980 2871 XIV.
1018 2834 1070 2885 p.
1107 2821 1243 2886 645„
1278 2834 1311 2871 a
1346 2835 1454 2888 qua
1487 2818 1714 2873 fortasse
1749 2819 1852 2887 ipsi
1886 2817 2210 2872 Homeridae
2250 2816 2341 2870 ab·

347 2886 578 2939 fuerunt.
653 2885 758 2951 Qui
793 2886 851 2940 si·
874 2900 1002 2939 vere
1076 2901 1208 2940 enus
1244 2902 1416 2956 suum,
1451 2903 1558 2941 non
1592 2894 1780 2956 artem,
1817 2886 2094 2940 duxissent
2130 2886 2196 2940 ab
2232 2885 2349 2939 Ho-
2403 2931 2409 2937 .

347 2969 514 3022 merc,
550 2954 734 3022 paullo
770 2953 1003 3008 certiora
1076 2969 1105 3007 e
1141 2954 1412 3009 natalibus
1447 2962 1504 3009 et
1537 2956 1652 3010 vita
1686 2956 1801 3010 eius
1822 2953 2035 3009 tradere
2054 2953 2337 3008 debebant.

346 3021 538 3090 Neque
572 3037 699 3076 vero
734 3026 1109 3091 argumentum
1146 3028 1229 3075 est
1263 3023 1320 3077 in
1354 3023 1485 3078 locis
1508 3023 1726 3077 Pindari
1740 3063 1754 3091 ,
1799 3022 2039 3077 Acusilai
2075 3028 2131 3076 et
2164 3021 2353 3075 Hella-

346 3090 455 3143 nici
488 3093 596 3158 (ap.
632 3090 891 3159 Harpocr.
928 3106 978 3143 v.
1009 3087 1322 3161 Ὁμηρίδαι),
1360 3092 1507 3171 quod
1540 3092 1629 3146 vul
1669 3108 1816 3146 arem
1834 3092 1978 3145 illam
2001 3090 2199 3147 famam
2227 3105 2348 3143 con-

346 3157 551 3226 firmet;
594 3158 761 3212 multo
809 3159 985 3212 minus
1018 3158 1077 3212 in
1109 3174 1213 3213 usu
1246 3161 1474 3215 nommis
1509 3177 1618 3229 apu
1700 3161 2007 3227 Platonem,
2052 3158 2347 3212 Isocratem

347 3225 586 3294 aliosque
623 3227 729 3281 scri
768 3232 928 3282 tores,
999 3226 1287 3281 Exstincta
1321 3228 1465 3287 enim
1502 3229 1703 3283 celebri
1748 3227 1976 3296 familia,
2023 3228 2345 3303 translatum

349 3300 433 3347 est
465 3311 659 3375 nomen
695 3242 765 3348 ag
787 3294 1002 3363 quosvis
1019 3295 1241 3373 Homeri
1268 3302 1533 3366 cantoreS,
1567 3296 1907 3364 interpretes,
1944 3295 2224 3362 studiosos„
2261 3300 2348 3346 ut1

347 3362 1119 3498 332204ssss¹s³¹¹i0tff³3bsffl¹3a
1139 3363 2351 3501 {iffigffiffimcgmoeffi&3333

350 3498 586 3554 ostendit
623 3516 709 3567 ap.
747 3499 1012 3568 Harpocr.
1049 3498 1196 3554 Suid.
1234 3506 1289 3554 et
1324 3501 1500 3556 Schol.
1535 3500 1688 3555 Pind.
1725 3501 1778 3555 ll.
1816 3516 1890 3555 cc.
