2734 4000
411 404 602 482 βουστ
637 428 669 464 o
753 405 868 465 δάν.
947 408 1185 466 Privata
1240 423 1315 464 an
1367 406 1616 465 habilior
1667 411 1790 465 tum
1840 404 2020 465 fuerit
2071 405 2228 479 apud
2266 406 2413 480 11108,

457 502 496 542 u
536 502 654 543 ium
703 483 956 543 reddunt
1005 483 1241 542 eaedem
1289 484 1573 554 rationeS,
1623 489 1864 558 propter
1916 500 2059 555 quas
2109 483 2409 542 Bentleius
2447 545 2452 550 ,

415 563 795 635 plaustrarias
821 559 1047 621 fabulas
1070 560 1396 620 Susarionis
1419 567 1478 619 et
1497 560 1806 632 Thespidis
1828 560 2078 633 (Olymp.
2099 548 2452 633 L—-LXIJss
2487 551 2516 586 ²²

418 639 632 711 scripto
673 638 860 697 editas
900 639 1134 711 negavit
1146 636 1240 708 ³³),
1279 638 1507 696 nemine
1549 637 1906 696 eruditorum
1959 637 2409 697 contradicente.

419 714 591 775 Certe
637 715 965 775 Atticorum
1017 715 1360 788 scriptorum
1419 731 1534 773 non
1586 719 1720 772 ante
1770 714 2008 773 Persica
2057 721 2325 786 tempora
2339 713 2413 785 ³4)

340 796 391 836 ⁷⁰
416 793 631 851 mentio
669 791 735 851 fit
773 798 876 850 aut
915 790 1274 864 significatio,
1317 792 1410 849 cui
1448 807 1563 851 non
1602 789 1775 849 fidem
1813 790 2061 863 deroget
2098 791 2253 849 illius
2283 791 2411 849 aevi

419 876 479 928 et
515 870 604 927 rei
642 869 910 941 publicae
948 868 1127 928 facies
1169 874 1229 927 et
1268 869 1737 940 gravissimorum
1777 875 2077 928 auctorum
2105 868 2416 927 silentium.

418 945 534 1006 Sed
571 963 685 1006 non
724 959 1060 1019 persequar,
1101 945 1255 1018 quod
1295 951 1496 1003 tenere
1538 946 1660 1004 sine
1699 945 1885 1018 longis
1915 945 2252 1017 ambagibus
2293 961 2408 1004 non

415 1040 676 1096 possum3
727 1024 879 1083 ultro
931 1024 1105 1081 etiam
1158 1022 1567 1093 concesserim,
1618 1022 1914 1093 aliquanto
1965 1028 2101 1081 ante
2143 1015 2411 1081 Solonem

414 1100 659 1158 Athenis
679 1099 828 1158 hanc
847 1107 1032 1158 artem
1051 1100 1350 1173 paullatim
1372 1100 1599 1172 privato
1618 1098 1810 1159 studio
1831 1100 2100 1171 usurpari
2120 1104 2414 1171 coeptam:

415 1192 602 1248 neque
637 1177 785 1238 adeo
822 1176 1040 1249 dubito,
1080 1177 1220 1249 quin
1253 1176 1316 1234 id
1357 1177 1606 1252 saeculis
1646 1175 1797 1234 VIII.
1844 1182 1904 1235 et
1939 1176 2066 1234 VH.
2100 1177 2160 1233 in
2200 1176 2411 1233 ceteris

416 1253 762 1327 civitatibus,
815 1254 1151 1330 nominatim
1188 1254 1386 1312 Ioniae
1428 1259 1488 1312 et
1525 1253 1779 1324 Magnae
1823 1253 2126 1325 Graeciae,
2166 1250 2412 1311 fecerint

417 1331 770 1391 sollertiores
812 1330 1045 1403 quidam
1083 1331 1360 1403 homines,
1405 1345 1718 1401 eorumque
1761 1332 2084 1403 exemplum
2102 1331 2196 1387 vel
2223 1330 2407 1387 secuti

417 1408 509 1466 vel
556 1408 669 1480 ipsi
721 1408 1166 1486 reni-auspicati
1219 1408 1335 1465 sint
1387 1412 1597 1480 poetae
1637 1407 1928 1477 nonnulli,
1979 1408 2029 1465 si
2067 1422 2182 1466 non
2219 1406 2414 1478 AsiuS,

376 1484 721 1556 zEumeluS,
770 1485 1071 1556 ArctinuS‚
1124 1484 1248 1556 alii,
1302 1485 1408 1543 sub
1461 1484 1662 1556 primis
1718 1483 1981 1557 Olympp.
2041 1484 2182 1541 clari
2234 1483 2412 1555 epicis

376 1557 383 1638 l
419 1560 798 1634 Carminibus,
840 1569 902 1620 at
941 1567 1099 1620 certe
1138 1561 1538 1633 Archilochus,
1578 1560 1840 1633 Alcman,
1880 1560 2182 1632 Pisander,
2234 1560 2414 1617 Arion

312 1707 319 1712 ,
380 1679 383 1698 ,
418 1644 478 1696 et
513 1638 717 1697 horum
758 1638 1059 1709 aequales:
1100 1643 1294 1696 tamen
1334 1639 1384 1695 si
1425 1638 1498 1696 de
1539 1642 1793 1693 universa
1839 1638 2073 1695 Graecia
2119 1644 2179 1695 et
2217 1637 2413 1710 paullo

378 1715 383 1778 Ξ
416 1715 642 1774 tritiore
669 1733 780 1773 usu
807 1716 950 1773 artis
979 1718 1319 1785 institutoque
1343 1717 1843 1770 comm-ibendorum
1872 1719 2130 1771 librorum
2160 1714 2412 1786 quaeris,

372 1845 377 1852 .
416 1791 560 1850 illud
599 1792 1006 1850 removendum
1048 1799 1162 1850 non
1203 1808 1330 1850 esse
1372 1808 1408 1849 a
1435 1791 1711 1863 ThaletiS,
1754 1791 1996 1865 Solonis,
2036 1791 2331 1849 Pisistrati
2360 1797 2421 1849 et

419 1885 635 1941 eorum,
680 1870 774 1939 qui
820 1868 1126 1942 Sapientes
1168 1868 1553 1941 appellantur,
1594 1874 1807 1941 aetate,
1846 1870 1885 1926 i.
1916 1885 1964 1926 e.
1995 1886 2066 1928 ea
2094 1885 2207 1940 qua
2236 1869 2421 1928 oratio

368 1987 373 2017 ἶ
415 1951 601 2005 metro
644 1946 788 2005 solvi
832 1946 1042 2019 coepit,
1082 1946 1167 2005 ita
1206 1944 1492 2018 significat
1529 1945 1694 2005 nobis
1722 1945 1970 2009 historia
1996 1946 2205 2005 artium
2237 1946 2424 2007 Grae-

418 2039 613 2081 carum
654 2025 921 2097 omnium,
961 2029 1027 2081 ut
1066 2021 1363 2082 infantiam
1407 2040 1570 2082 suam
1611 2024 1776 2083 obliti
1802 2025 2000 2098 populi
2029 2024 2417 2084 testimonium

418 2100 649 2158 minime
692 2100 1136 2160 desiderandum
1176 2100 1459 2159 videatur.
1645 2112 1648 2129 *

571 2177 663 2235 De
703 2178 930 2237 cultura
967 2193 1177 2250 prosae
1216 2178 1512 2249 orationis,
1553 2179 1791 2236 ineunte
1814 2178 2061 2237 ‘saeculo
2103 2187 2238 2237 ante
2280 2178 2413 2237 Chr.

416 2252 512 2311 VI.
554 2270 591 2311 a
638 2254 900 2326 pluribus
953 2260 1013 2335 et
1049 2254 1176 2326 ipso
1217 2254 1426 2313 Solone
1465 2254 1760 2328 inchoata,
1821 2255 2008 2326 deque
2050 2257 2239 2314 causis
2279 2257 2413 2316 novi

342 2333 390 2371 ⁷1
417 2330 634 2403 incepti
681 2331 821 2389 nihil
879 2333 976 2391 hic
1024 2331 1211 2391 habeo
1265 2331 1485 2390 dicere:
1540 2337 1599 2390 et
1649 2348 1799 2404 quae
1861 2349 1931 2390 ex
1971 2339 2232 2390 veterum
2271 2333 2412 2391 locis

415 2406 636 2465 hauriri
673 2415 934 2481 possunt,
975 2408 1132 2466 dicta
1159 2416 1293 2467 sunt
1317 2409 1536 2467 omnia:
1581 2415 1642 2466 at
1668 2426 1841 2467 unam
1869 2425 2011 2482 rem,
2055 2410 2166 2467 etsi
2192 2410 2253 2466 in
2279 2426 2413 2467 con-

417 2484 640 2542 iectura
678 2486 944 2559 positam,
986 2485 1238 2558 afferam,
1279 2486 1392 2543 nisi
1432 2486 1624 2544 omnia
1663 2502 1754 2544 me
1781 2484 2007 2558 fallunt,
2046 2486 2413 2544 utilissimam

417 2561 552 2619 huic
590 2563 914 2639 quaestioni
952 2569 1201 2622 nostrae.
1262 2563 1412 2621 Nam
1440 2562 1669 2620 videtur
1707 2564 1880 2636 plane
1901 2579 2136 2621 necesse
2166 2580 2313 2635 esse,
2353 2570 2419 2621 ut

418 2643 557 2709 tum,
599 2655 771 2709 quum
801 2639 1009 2699 Graeci
1049 2640 1323 2712 impetum
1366 2645 1644 2714 caperent
1685 2641 1913 2698 vincula
1951 2642 2194 2699 metrica
2232 2641 2417 2703 revel-

416 2850 495 2904 Le
571 2781 648 2903 23)
683 2781 748 2835 In
783 2782 940 2850 Apol.
976 2781 1116 2836 Diss.
1155 2782 1220 2836 de
1254 2783 1455 2851 Epistt.
1492 2782 1795 2839 Phalaridis
1830 2802 1881 2853 p.
1924 2789 2037 2840 109.
2076 2801 2193 2853 sqq.
2233 2785 2416 2837 transl.

497 2866 568 2904 nn
603 2866 655 2918 p.

552 2938 624 3004 ³4)
658 2936 732 2991 Ut
766 2942 1047 3005 poetarum
1083 2938 1422 3003 comicorum,
1474 2938 1785 3006 Chionidae‚
1821 2938 2109 3006 Magnetis,
2147 2945 2208 2992 ut
2242 2938 2415 3007 philo-

418 3005 573 3086 sophi
606 3007 988 3073 Anaxagorae,
1041 3007 1133 3073 qui
1181 3006 1261 3060 Ol.
1298 3007 1528 3075 LXXV,
1580 3012 1623 3062 1.
1672 3022 1841 3061 annos
1876 3010 1945 3061 20
1979 3013 2139 3062 natus
2171 3007 2418 3060 Athenas

416 3074 679 3143 migravit.
717 3073 875 3141 Diog.
909 3072 972 3126 L.
1009 3074 1081 3142 II,
1116 3079 1164 3130 7.
1222 3075 1467 3130 Priorem
1501 3082 1785 3144 poetarum
1821 3074 2033 3130 illorum
2050 3115 2064 3142 ,
2113 3077 2264 3130 cuius
2300 3081 2414 3128 tan-

452 3159 576 3197 uam
612 3142 770 3209 primi
804 3156 873 3194 ex
909 3142 1136 3196 Comicis
1157 3144 1355 3198 Atticis
1390 3145 1633 3198 meminit
1654 3144 1995 3211 AristoteleS,
2030 3144 2184 3198 annis
2220 3148 2253 3197 8
2287 3151 2415 3196 ante

415 3161 651 3266 Xerxem
674 3210 884 3264 fabulas
901 3210 1162 3279 docuisse,
1199 3227 1269 3265 ex
1293 3213 1529 3281 antiquis
1552 3212 1975 3280 chronographis
1999 3212 2206 3267 notavit
2224 3211 2417 3266 Suidas

415 3296 536 3333 cum
570 3278 831 3343 Eudocia,
866 3277 1004 3332 bene
1039 3279 1160 3334 ideo
1198 3297 1231 3333 a
1267 3280 1539 3350 Scaligero
1580 3282 1637 3334 in
1676 3281 1861 3334 Descr.
1899 3280 2146 3349 Olympp.
2183 3281 2415 3335 relatum

417 3348 488 3401 ad
522 3347 602 3402 Ol.
638 3346 888 3400 LXXIII.
957 3346 1257 3416 Utrumque
1293 3356 1476 3403 autem
1510 3349 1755 3417 pluribus
1791 3349 1945 3402 annis
1978 3365 2300 3417 praegressa
2335 3353 2418 3400 est

417 3415 703 3471 Comoedia
720 3414 1065 3480 'Graecorum
1102 3416 1471 3484 Siciliensium,
1508 3417 1576 3472 ab
1610 3416 1955 3486 EpicharmO,
1993 3417 2038 3471 si
2072 3425 2235 3472 nutus
2270 3421 2416 3471 vete-

417 3500 535 3536 rum
570 3490 716 3537 recte
753 3498 1024 3552 assequor,
1058 3486 1361 3553 perscripta
1397 3486 1503 3540 iam
1539 3493 1663 3540 ante
1701 3484 1919 3540 Gelonis
1955 3486 2309 3556 tyrannidem.
