2734 4000
1147 182 1375 239 —104
1430 209 1502 221 —

322 332 498 391 liceat
547 331 621 391 de
660 331 991 391 conditione
1040 346 1242 390 earum
1280 331 1707 404 recensionum,
1762 347 1912 404 quae
1950 333 2061 391 hoc
2098 331 2331 393 saeculo

220 414 297 454 1⁷⁰
322 407 589 469 feruntur
635 406 828 468 factae
884 423 1030 467 esse.
1113 408 1280 466 Nunc
1331 409 1484 467 enim
1537 424 1733 482 nemo,
1784 413 1959 482 puto,
2008 408 2331 482 mirabitur,

322 486 578 547 Graecos
617 486 735 544 iam
774 492 915 558 tum,
957 500 1132 558 quum
1173 487 1567 559 prosperrima
1593 491 1752 546 sorte
1778 501 1886 544 sua
1909 485 2332 558 ingeniosiores

319 568 515 622 essent
540 578 711 635 quam
738 561 1046 634 doctioreS,
1086 566 1147 619 et
1173 562 1246 621 ab
1272 562 1375 621 illa
1401 559 1775 640 ποΛυμαθείᾳ,
1803 562 1897 621 cui
1921 579 2092 636 reges
2119 562 2332 624 deinde

320 640 503 699 otium
520 640 936 713 praebuerunt,
976 638 1334 712 alienissimi,
1364 641 1621 699 animum
1648 640 1953 713 paullatim
1980 640 2332 714 applicuisse

320 716 398 776 ad
438 732 566 776 eam
607 722 809 789 artem,
851 732 1001 789 quae
1039 721 1166 776 tota
1206 717 1457 776 collecta
1497 722 1587 775 est
1627 732 1700 776 ex
1738 716 2043 790 multiplici
2068 716 2333 778 doctrina

308 794 646 853 'litterarum
708 799 768 852 et
830 793 1214 866 antiquitatis,
1316 793 1553 852 Etenim
1613 809 1763 866 quae
1822 809 2033 853 causae
2084 795 2334 854 maxime

319 869 716 944 perduxerunt
762 876 991 930 veteres
1042 869 1119 929 ad
1170 870 1436 929 criticam
1484 875 1700 943 artem,
1761 870 1876 929 iam
1927 875 2050 929 tum
2091 871 2333 931 eaedem

321 948 666 1006 exstiterant
705 964 920 1008 omnes.
999 947 1069 1006 In
1109 947 1318 1019 quibus
1357 948 1546 1021 primo
1584 947 1713 1008 loco
1752 948 2045 1022 posuerim
2099 948 2333 1008 modum

318 1024 483 1082 illum
523 1024 1045 1085 conservandorum
1084 1024 1222 1083 olim
1265 1024 1599 1084 carminum
1638 1041 1750 1099 ope
1791 1025 1960 1083 unius
1997 1025 2332 1099 memoriae,

319 1101 580 1175 proximo
622 1117 851 1162 errores
903 1107 964 1160 et
1001 1099 1241 1160 fraudes
1283 1101 1344 1159 in
1385 1100 1701 1176 prodendis
1742 1102 2072 1162 auctoribus
2113 1117 2331 1176 eorum,

319 1178 497 1237 tertio
537 1179 728 1238 varios
768 1176 1190 1251 facillimosque
1233 1179 1433 1253 lapsus
1474 1178 1704 1238 rudium
1740 1194 2011 1238 manuum
2044 1180 2105 1237 in
2130 1180 2332 1253 primis

323 1255 747 1328 exemplaribus
787 1255 1082 1329 parandis.
1162 1254 1284 1314 ‘Sed
1327 1255 1441 1314 etsi
1479 1256 1629 1314 haec
1653 1260 1951 1330 postrema
1976 1272 2154 1315 causa
2182 1256 2333 1315 eius-

319 1331 477 1392 modi
518 1336 626 1404 est‚
667 1337 733 1390 ut
770 1337 905 1406 post
930 1333 1153 1404 aliquot
1194 1333 1433 1392 saecula
1470 1332 1638 1391 istius
1679 1333 1824 1392 artis
1853 1332 2206 1392 desiderium
2232 1349 2331 1392 ne-

318 1409 572 1468 cessario
611 1406 819 1467 fuisset
869 1410 1150 1482 allatura,
1207 1416 1401 1468 tamen
1462 1409 1561 1482 qui
1602 1408 1860 1470 Graecos
1911 1410 2092 1480 norit,
2157 1407 2331 1470 facile

318 1485 623 1558 intelliget,
663 1486 740 1545 ad
778 1492 899 1546 tam
936 1486 1246 1545 minutulas
1287 1501 1457 1545 curas
1499 1486 1793 1559 ingenium
1837 1502 2036 1546 eorum
2072 1502 2183 1546 nec
2208 1493 2331 1547 tam

317 1569 544 1621 mature
583 1578 692 1621 nec
729 1568 893 1623 tanto
946 1562 1139 1623 studio
1180 1563 1443 1637 potuisse
1484 1562 1871 1636 descendere,
1922 1563 1973 1621 si
2011 1564 2137 1625 sola
2175 1564 2331 1624 omni

320 1639 645 1712 scripturae
706 1640 1029 1699 communia
1087 1640 1301 1698 menda
1352 1640 1534 1699 libros
1588 1640 1999 1714 corrupissent.
2086 1640 2331 1700 Maneat

264 1788 275 1797 ,
317 1717 514 1790 igitur,
556 1715 906 1788 singularem
946 1715 1236 1777 fortamam
1276 1716 1719 1777 Homericorum
1759 1723 1821 1776 et
1858 1733 2175 1792 supparum
2211 1734 2329 1777 mo·

33 1804 65 1851 A
88 1798 289 1849 omo-122
315 1798 716 1853 numentorum
756 1793 1050 1853 extudisse
1090 1793 1511 1867 quodammodo
1550 1794 1902 1868 philologam
1942 1795 2198 1866 criticen,
2240 1794 2327 1853 id-

318 1885 429 1942 que
472 1870 646 1928 etiam
686 1875 876 1944 antea,
917 1887 1088 1943 quam
1126 1886 1336 1931 nomen
1378 1870 1578 1930 critici
1617 1877 1721 1931 aut
1746 1869 2125 1931 Grammatici
2151 1871 2325 1946 vulgo

317 1946 579 2008 auditum
620 1946 881 2021 essetffl).

453 2174 525 2243 36)
561 2173 681 2229 Hac
714 2173 787 2227 ΙΙ.
834 2175 1016 2226 aetate
1062 2170 1386 2226 vocabulum
1441 2176 1821 2244 rpaszoe‘i
1855 2188 1964 2226 non
1997 2174 2328 2251 grotmionis

317 2246 436 2297 erat
455 2282 471 2311 ,
488 2240 925 2310 „sed-scientiae.
998 2239 1318 2309 Priusquam
1372 2240 1521 2295 enim
1566 2247 1810 2310 magmtu
1903 2255 1962 2294 es
1996 2246 2220 2310 artium,
2265 2246 2328 2294 ut

317 2299 508 2366 Cicero
543 2310 636 2378 ait,
673 2308 897 2363 diminui
932 2314 1227 2375 coeperant
1302 2309 1504 2363 artium
1541 2308 1936 2378 distributione,
1969 2309 2329 2378 ἀγράμματος

319 2378 602 2433 dicebatur
634 2378 696 2447 is,
731 2377 826 2445 qui
860 2376 1133 2431 scribendi
1169 2383 1225 2431 et
1281 2376 1477 2445 egendi
1511 2376 1770 2432 facultate
1806 2376 2044 2446 carebat,
2080 2377 2175 2446 qui
2208 2393 2328 2432 eam

316 2446 566 2512 tenebat,
609 2445 1009 2516 γραμματικός,
1049 2459 1139 2499 ars
1176 2444 1195 2497 i
1236 2461 1296 2499 sa
1327 2446 1709 2525 γραμματική,
1758 2460 1898 2514 quae
1949 2446 2170 2514 proprie
2206 2451 2327 2500 erat

317 2532 353 2583 γ
396 2519 738 2579 αμματιστοῦ
786 2530 827 2568 s.
881 2531 1178 2583 γραμματο
1215 2515 1522 2567 ιδασκάλου.
1605 2514 1711 2569 Hic
1769 2529 1898 2568 usus
1956 2517 2040 2567 est
2086 2513 2329 2568 Platonis

320 2589 339 2650 (
386 2583 548 2638 hileb.
629 2626 636 2634 .
679 2587 757 2637 18.
793 2582 884 2650 D.)
903 2622 917 2649 ,
966 2582 1343 2651 Xenophontis
1411 2582 1489 2636 M.
1528 2580 1579 2637 S.
1615 2580 1709 2651 IV,
1745 2586 1796 2650 2,
1830 2584 1963 2650 20.),
2018 2582 2329 2636 Aristotelis

318 2652 421 2718 (To
465 2694 476 2704 .
511 2599 620 2718 VI?
642 2655 693 2705 5.
727 2668 781 2720 p.
818 2652 936 2706 247.
973 2649 1075 2718 Β.).
1148 2652 1331 2719 Atque
1381 2650 1394 2662 “
1419 2650 1473 2705 la
1518 2649 1736 2717 quidem
1769 2655 1961 2718 postea
1993 2665 2028 2703 a
2060 2651 2329 2705 nonnullis

320 2722 421 2773 ἀτε
456 2721 665 2789 εστ-ἐρα
698 2721 1055 2791 γραμματικὴ
1098 2718 1245 2773 dicta
1282 2725 1385 2783 est,
1425 2717 1643 2787 quando
1674 2718 1895 2773 latiores
1929 2717 2065 2771 fines
2098 2733 2329 2787 occupa-

317 2795 473 2843 verat
508 2787 871 2844 Grammatico.
906 2786 1113 2848 τέλειος
1148 2803 1189 2841 e.
1232 2787 1459 2858 ἐντελής
1491 2787 1582 2856 (ci.
1607 2785 1832 2840 Sextum
1853 2786 2061 2855 Empir.
2084 2801 2130 2841 c.
2154 2786 2328 2841 Math.

319 2857 363 2910 1.
400 2857 448 2926 ς.
485 2861 569 2911 44.
606 2858 733 2923 75.)‚
770 2857 858 2911 cui
893 2856 964 2910 ad
1000 2855 1277 2910 Cratetem
1311 2870 1484 2923 usque
1518 2853 1717 2910 Critice
1751 2859 2010 2923 tanquam
2043 2870 2169 2923 pars
2206 2854 2328 2909 sub-

317 2925 462 2980 iecta
495 2930 630 2991 erat.
699 2923 806 2979 Sed
839 2924 1000 2996 huius
1036 2924 1147 2978 sive
1174 2924 1347 2993 partis
1384 2924 1497 2994 sive
1527 2922 1786 3002 prop-riae
1821 2921 2099 2990 doctrinae
2131 2938 2329 2978 nomen

316 2991 509 3061 nonu—le
550 2993 660 3047 itur
680 2986 1049 3060 ,ante-aevum
1084 2988 1531 3064 Alexafflfi‘num,
1568 3007 1673 3045 nisi
1707 2989 1763 3045 in
1785 2987 2027 3059 dialogis
2044 2991 2329 3046 Aeschinis

319 3067 375 3115 et
422 3062 495 3116 Ce
537 3062 665 3130 etis,
722 3077 856 3130 quos
904 3060 1116 3129 spurios
1142 3060 1320 3129 '‘esse,
1373 3076 1549 3129 nuper
1591 3058 1832 3114 Meiners
1876 3074 1908 3114 o
1949 3060 2079 3113 time
2127 3059 2327 3114 docuit.

319 3129 456 3184 Rem
490 3130 508 3182 i
547 3130 657 3183 itur
716 3146 825 3184 non
859 3145 1055 3184 nomen
1091 3134 1147 3183 et
1221 3129 1573 3184 rofessionem
1609 3127 1874 3214 spectavit
1963 3128 2015 3182 io
2052 3127 2327 3198 chrysost.

319 3197 410 3253 Or.
446 3198 522 3252 LI
553 3199 594 3252 Ι.
633 3170 815 3253 dicens
850 3197 919 3253 ab
954 3198 1196 3252 Aristote
1219 3211 1249 3251 e
1289 3200 1393 3277 Τὴν
1443 3214 1682 3278 κριτᾳην
1720 3214 1785 3249 τε
1821 3196 1910 3248 καὶ
1940 3197 2325 3277 γραμματικὴν

320 3267 356 3318 ἀ
390 3268 497 3339 χὴν
534 3266 755 3333 λαβεῒνε
802 3266 905 3321 etsi
948 3281 1017 3320 ne
1063 3265 1168 3320 hoc
1212 3264 1431 3333 qmdem
1476 3282 1533 3319 m
1567 3269 1777 3319 iactura
1809 3270 1896 3319 tot
1930 3270 2327 3320 exotericorum

318 3285 576 3389 lissrorum
611 3334 918 3389 Aristotelis
951 3349 987 3388 a
1019 3333 1174 3388 nobis
1209 3333 1340 3388 satis
1373 3332 1574 3388 firmari
1607 3338 1806 3400 potest.
1822 3401 1835 3413 ·
1862 3334 1945 3388 Ac
1966 3333 2142 3387 minus
2164 3333 2327 3387 etiam

321 3403 525 3457 clarum
561 3408 644 3457 est
657 3443 671 3471 ‚
719 3402 865 3471 quod
912 3401 980 3456 de
1025 3401 1358 3469 Apollodoro
1412 3401 1651 3456 Cumano
1696 3400 1929 3456 traditur
1973 3417 2008 3456 a
2050 3402 2326 3457 Clemente
