<?xml version="1.0" encoding="UTF-8"?>
<!DOCTYPE html PUBLIC "-//W3C//DTD XHTML 1.0 Transitional//EN"
    "http://www.w3.org/TR/xhtml1/DTD/xhtml1-transitional.dtd">
<html xmlns="http://www.w3.org/1999/xhtml" xml:lang="en" lang="en">
 <head>
  <title>
</title>
<meta http-equiv="Content-Type" content="text/html;charset=utf-8" />
  <meta name='ocr-system' content='tesseract 3.04.00' />
  <meta name='ocr-capabilities' content='ocr_page ocr_carea ocr_par ocr_line ocrx_word'/>
</head>
<body>
  <div class='ocr_page' id='page_1' title='image "./prolegomenaadho00bekkgoog_0426.png"; bbox 0 0 2734 4000; ppageno 0'>
   <div class='ocr_carea' id='block_1_1' title="bbox 59 3405 62 3480">
    <p class='ocr_par' dir='ltr' id='par_1_1' title="bbox 59 3405 62 3480">
     <span class='ocr_line' id='line_1_1' title="bbox 59 3405 62 3446; baseline 0 0"><span class='ocrx_word' id='word_1_1' title='bbox 59 3405 62 3446; x_wconf 44' lang='lat' dir='ltr'><strong>i</strong></span> 
     </span>
     <span class='ocr_line' id='line_1_2' title="bbox 59 3457 60 3480; baseline 0 0"><span class='ocrx_word' id='word_1_2' title='bbox 59 3457 60 3480; x_wconf 49' lang='grc' dir='ltr'>η</span> 
     </span>
    </p>
   </div>
   <div class='ocr_carea' id='block_1_2' title="bbox 1282 224 1644 280">
    <p class='ocr_par' dir='ltr' id='par_1_2' title="bbox 1282 224 1644 280">
     <span class='ocr_line' id='line_1_3' title="bbox 1282 224 1644 280; baseline 0.006 -2"><span class='ocrx_word' id='word_1_3' title='bbox 1282 224 1515 280; x_wconf 78' lang='lat'>—140</span> <span class='ocrx_word' id='word_1_4' title='bbox 1569 249 1644 262; x_wconf 91' lang='lat'>—</span> 
     </span>
    </p>
   </div>
   <div class='ocr_carea' id='block_1_3' title="bbox 459 371 2474 524">
    <p class='ocr_par' dir='ltr' id='par_1_3' title="bbox 459 371 2474 524">
     <span class='ocr_line' id='line_1_4' title="bbox 459 371 2474 450; baseline -0.002 -15"><span class='ocrx_word' id='word_1_5' title='bbox 459 374 723 450; x_wconf 78' lang='lat' dir='ltr'>plerique</span> <span class='ocrx_word' id='word_1_6' title='bbox 743 371 1140 444; x_wconf 52' lang='lat' dir='ltr'><strong>Grammatich</strong></span> <span class='ocrx_word' id='word_1_7' title='bbox 1179 378 1365 432; x_wconf 89' lang='lat' dir='ltr'><strong>artem</strong></span> <span class='ocrx_word' id='word_1_8' title='bbox 1406 371 1680 432; x_wconf 90' lang='lat' dir='ltr'><strong>docentes</strong></span> <span class='ocrx_word' id='word_1_9' title='bbox 1705 371 2097 433; x_wconf 84' lang='lat' dir='ltr'><strong>Alexandriae</strong></span> <span class='ocrx_word' id='word_1_10' title='bbox 2138 376 2200 432; x_wconf 92' lang='lat' dir='ltr'><strong>et</strong></span> <span class='ocrx_word' id='word_1_11' title='bbox 2224 371 2474 442; x_wconf 87' lang='lat' dir='ltr'><strong>Romae,</strong></span> 
     </span>
     <span class='ocr_line' id='line_1_5' title="bbox 461 447 2469 524; baseline -0.002 -13"><span class='ocrx_word' id='word_1_12' title='bbox 461 454 521 510; x_wconf 90' lang='lat' dir='ltr'><strong>in</strong></span> <span class='ocrx_word' id='word_1_13' title='bbox 569 450 778 524; x_wconf 90' lang='lat' dir='ltr'><strong>quibus</strong></span> <span class='ocrx_word' id='word_1_14' title='bbox 837 450 915 510; x_wconf 90' lang='lat' dir='ltr'><strong>ad</strong></span> <span class='ocrx_word' id='word_1_15' title='bbox 952 448 1180 509; x_wconf 87' lang='lat' dir='ltr'>XXXX</span> <span class='ocrx_word' id='word_1_16' title='bbox 1234 453 1404 509; x_wconf 92' lang='lat' dir='ltr'><strong>erant</strong></span> <span class='ocrx_word' id='word_1_17' title='bbox 1451 447 1701 523; x_wconf 82' lang='lat' dir='ltr'><strong>profecti</strong></span> <span class='ocrx_word' id='word_1_18' title='bbox 1740 448 1815 508; x_wconf 90' lang='lat' dir='ltr'><strong>ab</strong></span> <span class='ocrx_word' id='word_1_19' title='bbox 1853 451 2038 524; x_wconf 92' lang='lat' dir='ltr'><strong>ipsius</strong></span> <span class='ocrx_word' id='word_1_20' title='bbox 2079 447 2469 523; x_wconf 80' lang='lat' dir='ltr'><strong>disciplina⁴)‚</strong></span> 
     </span>
    </p>
   </div>
   <div class='ocr_carea' id='block_1_4' title="bbox 361 525 2474 601">
    <p class='ocr_par' dir='ltr' id='par_1_4' title="bbox 361 525 2474 601">
     <span class='ocr_line' id='line_1_6' title="bbox 361 525 2474 601; baseline -0.001 -15"><span class='ocrx_word' id='word_1_21' title='bbox 361 544 437 586; x_wconf 72' lang='lat' dir='ltr'><strong>ns</strong></span> <span class='ocrx_word' id='word_1_22' title='bbox 463 528 679 601; x_wconf 89' lang='lat' dir='ltr'><strong>aliique</strong></span> <span class='ocrx_word' id='word_1_23' title='bbox 706 527 780 587; x_wconf 89' lang='lat' dir='ltr'><strong>ab</strong></span> <span class='ocrx_word' id='word_1_24' title='bbox 806 526 1197 586; x_wconf 88' lang='lat' dir='ltr'><strong>Aristarcheis</strong></span> <span class='ocrx_word' id='word_1_25' title='bbox 1225 526 1479 585; x_wconf 90' lang='lat' dir='ltr'><strong>instituti</strong></span> <span class='ocrx_word' id='word_1_26' title='bbox 1504 525 1656 585; x_wconf 92' lang='lat' dir='ltr'><strong>hunc</strong></span> <span class='ocrx_word' id='word_1_27' title='bbox 1682 525 2075 600; x_wconf 82' lang='lat' dir='ltr'><strong>Pythagorica</strong></span> <span class='ocrx_word' id='word_1_28' title='bbox 2098 525 2350 600; x_wconf 90' lang='lat' dir='ltr'><strong>quadam</strong></span> <span class='ocrx_word' id='word_1_29' title='bbox 2375 542 2474 584; x_wconf 86' lang='lat' dir='ltr'><strong>su-</strong></span> 
     </span>
    </p>
   </div>
   <div class='ocr_carea' id='block_1_5' title="bbox 460 601 2470 755">
    <p class='ocr_par' dir='ltr' id='par_1_5' title="bbox 460 601 2470 755">
     <span class='ocr_line' id='line_1_7' title="bbox 460 601 2470 680; baseline -0.002 -16"><span class='ocrx_word' id='word_1_30' title='bbox 460 605 803 680; x_wconf 86' lang='lat' dir='ltr'><strong>perstitione</strong></span> <span class='ocrx_word' id='word_1_31' title='bbox 842 621 956 663; x_wconf 94' lang='lat' dir='ltr'><strong>uno</strong></span> <span class='ocrx_word' id='word_1_32' title='bbox 996 619 1098 663; x_wconf 91' lang='lat' dir='ltr'><strong>ore</strong></span> <span class='ocrx_word' id='word_1_33' title='bbox 1138 604 1298 662; x_wconf 85' lang='lat' dir='ltr'><strong>velut</strong></span> <span class='ocrx_word' id='word_1_34' title='bbox 1322 602 1496 662; x_wconf 93' lang='lat' dir='ltr'><strong>deum</strong></span> <span class='ocrx_word' id='word_1_35' title='bbox 1526 619 1692 661; x_wconf 87' lang='lat' dir='ltr'><strong>suum</strong></span> <span class='ocrx_word' id='word_1_36' title='bbox 1720 603 1997 678; x_wconf 90' lang='lat' dir='ltr'><strong>colerent,</strong></span> <span class='ocrx_word' id='word_1_37' title='bbox 2035 610 2103 662; x_wconf 93' lang='lat' dir='ltr'><strong>ut</strong></span> <span class='ocrx_word' id='word_1_38' title='bbox 2128 601 2470 677; x_wconf 87' lang='lat' dir='ltr'><strong>profiteren-</strong></span> 
     </span>
     <span class='ocr_line' id='line_1_8' title="bbox 460 679 2470 755; baseline -0.002 -14"><span class='ocrx_word' id='word_1_39' title='bbox 460 688 558 741; x_wconf 91' lang='lat' dir='ltr'><strong>tur</strong></span> <span class='ocrx_word' id='word_1_40' title='bbox 592 682 787 755; x_wconf 90' lang='lat' dir='ltr'><strong>etiam,</strong></span> <span class='ocrx_word' id='word_1_41' title='bbox 826 682 1000 740; x_wconf 89' lang='lat' dir='ltr'><strong>malle</strong></span> <span class='ocrx_word' id='word_1_42' title='bbox 1038 696 1103 739; x_wconf 87' lang='lat' dir='ltr'><strong>se</strong></span> <span class='ocrx_word' id='word_1_43' title='bbox 1148 697 1219 740; x_wconf 90' lang='lat' dir='ltr'><strong>eo</strong></span> <span class='ocrx_word' id='word_1_44' title='bbox 1259 679 1409 739; x_wconf 92' lang='lat' dir='ltr'><strong>duce</strong></span> <span class='ocrx_word' id='word_1_45' title='bbox 1435 695 1635 738; x_wconf 89' lang='lat' dir='ltr'><strong>errare</strong></span> <span class='ocrx_word' id='word_1_46' title='bbox 1659 680 1853 753; x_wconf 91' lang='lat' dir='ltr'><strong>potius</strong></span> <span class='ocrx_word' id='word_1_47' title='bbox 1881 698 2053 754; x_wconf 85' lang='lat' dir='ltr'><strong>quam</strong></span> <span class='ocrx_word' id='word_1_48' title='bbox 2081 697 2222 740; x_wconf 86' lang='lat' dir='ltr'><strong>vera</strong></span> <span class='ocrx_word' id='word_1_49' title='bbox 2248 680 2470 738; x_wconf 88' lang='lat' dir='ltr'><strong>sentire</strong></span> 
     </span>
    </p>
   </div>
   <div class='ocr_carea' id='block_1_6' title="bbox 325 755 2465 832">
    <p class='ocr_par' dir='ltr' id='par_1_6' title="bbox 325 755 2465 832">
     <span class='ocr_line' id='line_1_9' title="bbox 325 755 2465 832; baseline -0.001 -15"><span class='ocrx_word' id='word_1_50' title='bbox 325 809 346 827; x_wconf 81' lang='grc'><strong>.</strong></span> <span class='ocrx_word' id='word_1_51' title='bbox 461 774 590 817; x_wconf 92' lang='lat' dir='ltr'><strong>cum</strong></span> <span class='ocrx_word' id='word_1_52' title='bbox 630 758 843 818; x_wconf 90' lang='lat' dir='ltr'><strong>ceteris</strong></span> <span class='ocrx_word' id='word_1_53' title='bbox 852 757 922 832; x_wconf 77' lang='lat'><strong>⁸),</strong></span> <span class='ocrx_word' id='word_1_54' title='bbox 962 757 1267 832; x_wconf 82' lang='lat' dir='ltr'><strong>paullatim</strong></span> <span class='ocrx_word' id='word_1_55' title='bbox 1307 755 1384 815; x_wconf 86' lang='lat' dir='ltr'><strong>ad</strong></span> <span class='ocrx_word' id='word_1_56' title='bbox 1425 772 1525 815; x_wconf 88' lang='lat' dir='ltr'><strong>eos</strong></span> <span class='ocrx_word' id='word_1_57' title='bbox 1565 771 1782 828; x_wconf 87' lang='lat' dir='ltr'><strong>omnes,</strong></span> <span class='ocrx_word' id='word_1_58' title='bbox 1824 760 1924 830; x_wconf 89' lang='lat' dir='ltr'><strong>qui</strong></span> <span class='ocrx_word' id='word_1_59' title='bbox 1964 758 2192 818; x_wconf 90' lang='lat' dir='ltr'><strong>scholas</strong></span> <span class='ocrx_word' id='word_1_60' title='bbox 2232 757 2465 816; x_wconf 92' lang='lat' dir='ltr'><strong>illorum</strong></span> 
     </span>
    </p>
   </div>
   <div class='ocr_carea' id='block_1_7' title="bbox 456 832 2471 1370">
    <p class='ocr_par' dir='ltr' id='par_1_7' title="bbox 456 832 2471 1370">
     <span class='ocr_line' id='line_1_10' title="bbox 457 832 2467 908; baseline -0.001 -14"><span class='ocrx_word' id='word_1_61' title='bbox 457 832 924 908; x_wconf 77' lang='lat' dir='ltr'><strong>frequentabant,</strong></span> <span class='ocrx_word' id='word_1_62' title='bbox 963 834 1297 906; x_wconf 88' lang='lat' dir='ltr'><strong>studiisque·</strong></span> <span class='ocrx_word' id='word_1_63' title='bbox 1326 833 1655 892; x_wconf 90' lang='lat' dir='ltr'><strong>litterarum</strong></span> <span class='ocrx_word' id='word_1_64' title='bbox 1695 838 1756 891; x_wconf 94' lang='lat' dir='ltr'><strong>et</strong></span> <span class='ocrx_word' id='word_1_65' title='bbox 1792 835 1983 908; x_wconf 78' lang='lat' dir='ltr'><strong>poetis</strong></span> <span class='ocrx_word' id='word_1_66' title='bbox 2010 833 2467 908; x_wconf 79' lang='lat' dir='ltr'><strong>interpretandis</strong></span> 
     </span>
     <span class='ocr_line' id='line_1_11' title="bbox 459 908 2467 986; baseline -0 -16"><span class='ocrx_word' id='word_1_67' title='bbox 459 912 714 984; x_wconf 87' lang='lat' dir='ltr'><strong>aliquam</strong></span> <span class='ocrx_word' id='word_1_68' title='bbox 751 917 979 985; x_wconf 88' lang='lat' dir='ltr'><strong>partem</strong></span> <span class='ocrx_word' id='word_1_69' title='bbox 1020 912 1232 971; x_wconf 90' lang='lat' dir='ltr'><strong>aetatis</strong></span> <span class='ocrx_word' id='word_1_70' title='bbox 1256 908 1686 985; x_wconf 86' lang='lat' dir='ltr'><strong>impertiebant,</strong></span> <span class='ocrx_word' id='word_1_71' title='bbox 1728 910 1813 977; x_wconf 91' lang='lat' dir='ltr'><strong>(id</strong></span> <span class='ocrx_word' id='word_1_72' title='bbox 1841 918 2036 971; x_wconf 90' lang='lat' dir='ltr'><strong>autem</strong></span> <span class='ocrx_word' id='word_1_73' title='bbox 2058 927 2168 986; x_wconf 93' lang='lat' dir='ltr'><strong>per</strong></span> <span class='ocrx_word' id='word_1_74' title='bbox 2193 912 2309 969; x_wconf 90' lang='lat' dir='ltr'><strong>ista</strong></span> <span class='ocrx_word' id='word_1_75' title='bbox 2336 927 2467 969; x_wconf 90' lang='lat' dir='ltr'><strong>sae-</strong></span> 
     </span>
     <span class='ocr_line' id='line_1_12' title="bbox 459 985 2469 1062; baseline -0.001 -15"><span class='ocrx_word' id='word_1_76' title='bbox 459 988 591 1047; x_wconf 90' lang='lat' dir='ltr'><strong>cula</strong></span> <span class='ocrx_word' id='word_1_77' title='bbox 627 988 949 1048; x_wconf 87' lang='lat' dir='ltr'><strong>liberaliter</strong></span> <span class='ocrx_word' id='word_1_78' title='bbox 990 988 1325 1047; x_wconf 89' lang='lat' dir='ltr'><strong>educandus</strong></span> <span class='ocrx_word' id='word_1_79' title='bbox 1366 989 1610 1060; x_wconf 90' lang='lat' dir='ltr'><strong>quisque</strong></span> <span class='ocrx_word' id='word_1_80' title='bbox 1648 985 1944 1061; x_wconf 86' lang='lat' dir='ltr'><strong>faciebat,)</strong></span> <span class='ocrx_word' id='word_1_81' title='bbox 1984 989 2190 1062; x_wconf 83' lang='lat' dir='ltr'><strong>ingens</strong></span> <span class='ocrx_word' id='word_1_82' title='bbox 2228 987 2340 1046; x_wconf 86' lang='lat' dir='ltr'><strong>viri</strong></span> <span class='ocrx_word' id='word_1_83' title='bbox 2379 986 2469 1045; x_wconf 91' lang='lat' dir='ltr'><strong>di·</strong></span> 
     </span>
     <span class='ocr_line' id='line_1_13' title="bbox 456 1062 2471 1179; baseline -0 -56"><span class='ocrx_word' id='word_1_84' title='bbox 456 1066 714 1155; x_wconf 69' lang='lat' dir='ltr'><strong>manavit</strong></span> <span class='ocrx_word' id='word_1_85' title='bbox 752 1066 1121 1155; x_wconf 71' lang='lat' dir='ltr'><strong>existimatio,</strong></span> <span class='ocrx_word' id='word_1_86' title='bbox 1179 1080 1503 1136; x_wconf 87' lang='lat' dir='ltr'><strong>nomenque</strong></span> <span class='ocrx_word' id='word_1_87' title='bbox 1542 1062 1963 1154; x_wconf 78' lang='lat' dir='ltr'><strong>quodammodo</strong></span> <span class='ocrx_word' id='word_1_88' title='bbox 2002 1064 2334 1156; x_wconf 73' lang='lat' dir='ltr'><strong>traductum</strong></span> <span class='ocrx_word' id='word_1_89' title='bbox 2378 1069 2471 1179; x_wconf 49' lang='grc' dir='ltr'><strong>(ζει</strong></span> 
     </span>
     <span class='ocr_line' id='line_1_14' title="bbox 457 1140 2467 1291; baseline -0 -13"><span class='ocrx_word' id='word_1_90' title='bbox 457 1140 2467 1291; x_wconf 51' lang='lat' dir='ltr'><strong>{tuzzfflgssffifflniirgmffiffifssffiffiffitl</strong></span> 
     </span>
     <span class='ocr_line' id='line_1_15' title="bbox 456 1294 2465 1370; baseline 0 -17"><span class='ocrx_word' id='word_1_91' title='bbox 456 1296 645 1354; x_wconf 87' lang='lat' dir='ltr'><strong>minus</strong></span> <span class='ocrx_word' id='word_1_92' title='bbox 685 1312 859 1369; x_wconf 90' lang='lat' dir='ltr'><strong>quam</strong></span> <span class='ocrx_word' id='word_1_93' title='bbox 896 1295 1304 1370; x_wconf 85' lang='lat' dir='ltr'><strong>Aristophanis</strong></span> <span class='ocrx_word' id='word_1_94' title='bbox 1343 1295 1618 1366; x_wconf 67' lang='lat' dir='ltr'><strong>norimus»,</strong></span> <span class='ocrx_word' id='word_1_95' title='bbox 1658 1294 1785 1368; x_wconf 91' lang='lat' dir='ltr'><strong>ipse</strong></span> <span class='ocrx_word' id='word_1_96' title='bbox 1823 1295 2116 1368; x_wconf 88' lang='lat' dir='ltr'><strong>hodieque</strong></span> <span class='ocrx_word' id='word_1_97' title='bbox 2156 1296 2218 1354; x_wconf 87' lang='lat' dir='ltr'><strong>in</strong></span> <span class='ocrx_word' id='word_1_98' title='bbox 2255 1295 2465 1368; x_wconf 81' lang='lat' dir='ltr'><strong>vulgus</strong></span> 
     </span>
    </p>
   </div>
   <div class='ocr_carea' id='block_1_8' title="bbox 357 1370 2467 1446">
    <p class='ocr_par' dir='ltr' id='par_1_8' title="bbox 357 1370 2467 1446">
     <span class='ocr_line' id='line_1_16' title="bbox 357 1370 2467 1446; baseline 0.002 -21"><span class='ocrx_word' id='word_1_99' title='bbox 357 1383 434 1425; x_wconf 74' lang='lat' dir='ltr'><strong>m</strong></span> <span class='ocrx_word' id='word_1_100' title='bbox 460 1372 745 1432; x_wconf 84' lang='lat' dir='ltr'><strong>celebrior</strong></span> <span class='ocrx_word' id='word_1_101' title='bbox 791 1373 871 1431; x_wconf 91' lang='lat' dir='ltr'><strong>sit</strong></span> <span class='ocrx_word' id='word_1_102' title='bbox 920 1377 981 1431; x_wconf 91' lang='lat' dir='ltr'><strong>et</strong></span> <span class='ocrx_word' id='word_1_103' title='bbox 1015 1372 1413 1446; x_wconf 85' lang='lat' dir='ltr'><strong>Aristophane</strong></span> <span class='ocrx_word' id='word_1_104' title='bbox 1468 1377 1530 1430; x_wconf 92' lang='lat' dir='ltr'><strong>et</strong></span> <span class='ocrx_word' id='word_1_105' title='bbox 1567 1370 1806 1443; x_wconf 89' lang='lat' dir='ltr'><strong>reliquis</strong></span> <span class='ocrx_word' id='word_1_106' title='bbox 1847 1372 2138 1446; x_wconf 77' lang='lat' dir='ltr'><strong>omnibuS,</strong></span> <span class='ocrx_word' id='word_1_107' title='bbox 2187 1371 2288 1444; x_wconf 90' lang='lat' dir='ltr'><strong>qui</strong></span> <span class='ocrx_word' id='word_1_108' title='bbox 2327 1372 2467 1431; x_wconf 91' lang='lat' dir='ltr'><strong>olim</strong></span> 
     </span>
    </p>
   </div>
   <div class='ocr_carea' id='block_1_9' title="bbox 459 1447 2281 1522">
    <p class='ocr_par' dir='ltr' id='par_1_9' title="bbox 459 1447 2281 1522">
     <span class='ocr_line' id='line_1_17' title="bbox 459 1447 2281 1522; baseline -0.001 -16"><span class='ocrx_word' id='word_1_109' title='bbox 459 1450 518 1507; x_wconf 92' lang='lat' dir='ltr'><strong>in</strong></span> <span class='ocrx_word' id='word_1_110' title='bbox 555 1450 667 1509; x_wconf 89' lang='lat' dir='ltr'><strong>hoc</strong></span> <span class='ocrx_word' id='word_1_111' title='bbox 704 1450 936 1508; x_wconf 91' lang='lat' dir='ltr'><strong>minime</strong></span> <span class='ocrx_word' id='word_1_112' title='bbox 976 1449 1189 1508; x_wconf 85' lang='lat' dir='ltr'><strong>illustri</strong></span> <span class='ocrx_word' id='word_1_113' title='bbox 1229 1465 1446 1522; x_wconf 86' lang='lat' dir='ltr'><strong>genere</strong></span> <span class='ocrx_word' id='word_1_114' title='bbox 1486 1447 1784 1508; x_wconf 90' lang='lat' dir='ltr'><strong>doctrinae</strong></span> <span class='ocrx_word' id='word_1_115' title='bbox 1826 1449 2200 1509; x_wconf 84' lang='lat' dir='ltr'><strong>elaborarunt</strong></span> <span class='ocrx_word' id='word_1_116' title='bbox 2210 1448 2281 1521; x_wconf 87' lang='lat'><strong>⁷).</strong></span> 
     </span>
    </p>
   </div>
   <div class='ocr_carea' id='block_1_10' title="bbox 457 1564 869 1577">
    <p class='ocr_par' dir='ltr' id='par_1_10' title="bbox 457 1564 869 1577">
     <span class='ocr_line' id='line_1_18' title="bbox 457 1564 869 1577; baseline 0 0"><span class='ocrx_word' id='word_1_117' title='bbox 457 1564 869 1577; x_wconf 95' lang='lat' dir='ltr'><strong> </strong></span> 
     </span>
    </p>
   </div>
   <div class='ocr_carea' id='block_1_11' title="bbox 454 1624 2465 1968">
    <p class='ocr_par' dir='ltr' id='par_1_11' title="bbox 454 1624 2465 1968">
     <span class='ocr_line' id='line_1_19' title="bbox 591 1624 2463 1696; baseline 0.001 -18"><span class='ocrx_word' id='word_1_118' title='bbox 591 1627 639 1696; x_wconf 78' lang='grc'><strong>4)</strong></span> <span class='ocrx_word' id='word_1_119' title='bbox 673 1625 975 1679; x_wconf 82' lang='lat' dir='ltr'><strong>Paucorum</strong></span> <span class='ocrx_word' id='word_1_120' title='bbox 1009 1629 1266 1680; x_wconf 86' lang='lat' dir='ltr'><strong>accurata</strong></span> <span class='ocrx_word' id='word_1_121' title='bbox 1297 1624 1558 1679; x_wconf 89' lang='lat' dir='ltr'><strong>memoria</strong></span> <span class='ocrx_word' id='word_1_122' title='bbox 1592 1629 1787 1694; x_wconf 84' lang='lat' dir='ltr'><strong>exstat,</strong></span> <span class='ocrx_word' id='word_1_123' title='bbox 1835 1625 2210 1681; x_wconf 89' lang='lat' dir='ltr'><strong>nonnullorum</strong></span> <span class='ocrx_word' id='word_1_124' title='bbox 2247 1625 2325 1680; x_wconf 89' lang='lat' dir='ltr'><strong>nil</strong></span> <span class='ocrx_word' id='word_1_125' title='bbox 2359 1626 2463 1679; x_wconf 89' lang='lat' dir='ltr'><strong>nisi</strong></span> 
     </span>
     <span class='ocr_line' id='line_1_20' title="bbox 456 1693 2465 1774; baseline -0.001 -25"><span class='ocrx_word' id='word_1_126' title='bbox 456 1694 686 1749; x_wconf 86' lang='lat' dir='ltr'><strong>obscura</strong></span> <span class='ocrx_word' id='word_1_127' title='bbox 707 1693 939 1761; x_wconf 88' lang='lat' dir='ltr'><strong>nomina,</strong></span> <span class='ocrx_word' id='word_1_128' title='bbox 958 1694 1102 1762; x_wconf 88' lang='lat' dir='ltr'><strong>apud</strong></span> <span class='ocrx_word' id='word_1_129' title='bbox 1122 1693 1340 1749; x_wconf 84' lang='lat' dir='ltr'><strong>Suidam</strong></span> <span class='ocrx_word' id='word_1_130' title='bbox 1362 1693 1578 1762; x_wconf 89' lang='lat' dir='ltr'><strong>prodita</strong></span> <span class='ocrx_word' id='word_1_131' title='bbox 1601 1695 1816 1774; x_wconf 82' lang='lat' dir='ltr'><strong>passim,</strong></span> <span class='ocrx_word' id='word_1_132' title='bbox 1835 1700 1898 1748; x_wconf 90' lang='lat' dir='ltr'><strong>ut</strong></span> <span class='ocrx_word' id='word_1_133' title='bbox 1920 1695 2106 1763; x_wconf 87' lang='lat' dir='ltr'><strong>Aperi,</strong></span> <span class='ocrx_word' id='word_1_134' title='bbox 2140 1694 2465 1749; x_wconf 82' lang='lat' dir='ltr'><strong>Dicaearchi</strong></span> 
     </span>
     <span class='ocr_line' id='line_1_21' title="bbox 454 1760 2464 1830; baseline -0 -14"><span class='ocrx_word' id='word_1_135' title='bbox 454 1761 871 1818; x_wconf 86' lang='lat' dir='ltr'><strong>Lacedaemonii</strong></span> <span class='ocrx_word' id='word_1_136' title='bbox 907 1769 1008 1817; x_wconf 87' lang='lat' dir='ltr'><strong>etc.</strong></span> <span class='ocrx_word' id='word_1_137' title='bbox 1080 1761 1302 1830; x_wconf 85' lang='lat' dir='ltr'><strong>Eorum,</strong></span> <span class='ocrx_word' id='word_1_138' title='bbox 1376 1762 1433 1816; x_wconf 88' lang='lat' dir='ltr'><strong>ui</strong></span> <span class='ocrx_word' id='word_1_139' title='bbox 1468 1760 1672 1830; x_wconf 77' lang='lat' dir='ltr'><strong>aliquid</strong></span> <span class='ocrx_word' id='word_1_140' title='bbox 1706 1762 1777 1816; x_wconf 88' lang='lat' dir='ltr'><strong>ad</strong></span> <span class='ocrx_word' id='word_1_141' title='bbox 1799 1762 2095 1817; x_wconf 86' lang='lat' dir='ltr'><strong>Homerum</strong></span> <span class='ocrx_word' id='word_1_142' title='bbox 2118 1762 2464 1817; x_wconf 89' lang='lat' dir='ltr'><strong>commentati</strong></span> 
     </span>
     <span class='ocr_line' id='line_1_22' title="bbox 456 1778 2461 1910; baseline 0 -26"><span class='ocrx_word' id='word_1_143' title='bbox 456 1836 605 1910; x_wconf 71' lang='lat' dir='ltr'><strong>sunt,</strong></span> <span class='ocrx_word' id='word_1_144' title='bbox 652 1829 880 1910; x_wconf 84' lang='lat' dir='ltr'><strong>posthac</strong></span> <span class='ocrx_word' id='word_1_145' title='bbox 926 1830 1126 1885; x_wconf 87' lang='lat' dir='ltr'><strong>mentio</strong></span> <span class='ocrx_word' id='word_1_146' title='bbox 1172 1828 1282 1883; x_wconf 85' lang='lat' dir='ltr'><strong>fiet.</strong></span> <span class='ocrx_word' id='word_1_147' title='bbox 1338 1778 1459 1884; x_wconf 48' lang='lat' dir='ltr'><strong>‘hic</strong></span> <span class='ocrx_word' id='word_1_148' title='bbox 1495 1836 1551 1883; x_wconf 93' lang='lat' dir='ltr'><strong>et</strong></span> <span class='ocrx_word' id='word_1_149' title='bbox 1586 1830 1716 1884; x_wconf 87' lang='lat' dir='ltr'><strong>alibi</strong></span> <span class='ocrx_word' id='word_1_150' title='bbox 1749 1830 1907 1885; x_wconf 81' lang='lat' dir='ltr'><strong>valde</strong></span> <span class='ocrx_word' id='word_1_151' title='bbox 1944 1830 2312 1885; x_wconf 83' lang='lat' dir='ltr'><strong>desideramus</strong></span> <span class='ocrx_word' id='word_1_152' title='bbox 2347 1830 2461 1884; x_wconf 88' lang='lat' dir='ltr'><strong>dili·</strong></span> 
     </span>
     <span class='ocr_line' id='line_1_23' title="bbox 456 1897 2119 1968; baseline 0.001 -15"><span class='ocrx_word' id='word_1_153' title='bbox 456 1898 752 1968; x_wconf 78' lang='lat' dir='ltr'><strong>gentlssimi</strong></span> <span class='ocrx_word' id='word_1_154' title='bbox 785 1898 950 1952; x_wconf 85' lang='lat' dir='ltr'><strong>Ionsii</strong></span> <span class='ocrx_word' id='word_1_155' title='bbox 986 1898 1305 1967; x_wconf 88' lang='lat' dir='ltr'><strong>promissum</strong></span> <span class='ocrx_word' id='word_1_156' title='bbox 1341 1914 1480 1966; x_wconf 90' lang='lat' dir='ltr'><strong>opus</strong></span> <span class='ocrx_word' id='word_1_157' title='bbox 1515 1897 1581 1952; x_wconf 90' lang='lat' dir='ltr'><strong>de</strong></span> <span class='ocrx_word' id='word_1_158' title='bbox 1618 1899 1993 1954; x_wconf 80' lang='lat' dir='ltr'><strong>Grammaticis</strong></span> <span class='ocrx_word' id='word_1_159' title='bbox 2027 1899 2119 1954; x_wconf 88' lang='lat' dir='ltr'><strong>Gr.</strong></span> 
     </span>
    </p>
   </div>
   <div class='ocr_carea' id='block_1_12' title="bbox 451 1984 2475 2755">
    <p class='ocr_par' dir='ltr' id='par_1_12' title="bbox 453 1984 2475 2326">
     <span class='ocr_line' id='line_1_24' title="bbox 592 1984 2462 2056; baseline 0.001 -18"><span class='ocrx_word' id='word_1_160' title='bbox 592 1986 639 2050; x_wconf 75' lang='lat'><strong>⁵)</strong></span> <span class='ocrx_word' id='word_1_161' title='bbox 683 1985 772 2052; x_wconf 94' lang='lat' dir='ltr'><strong>Ap</strong></span> <span class='ocrx_word' id='word_1_162' title='bbox 812 1988 931 2037; x_wconf 89' lang='lat' dir='ltr'><strong>aret</strong></span> <span class='ocrx_word' id='word_1_163' title='bbox 962 1984 1068 2040; x_wconf 89' lang='lat' dir='ltr'><strong>hoc</strong></span> <span class='ocrx_word' id='word_1_164' title='bbox 1111 2000 1181 2039; x_wconf 84' lang='lat' dir='ltr'><strong>ex</strong></span> <span class='ocrx_word' id='word_1_165' title='bbox 1226 1984 1412 2039; x_wconf 89' lang='lat' dir='ltr'><strong>multis</strong></span> <span class='ocrx_word' id='word_1_166' title='bbox 1456 1984 1588 2040; x_wconf 87' lang='lat' dir='ltr'><strong>locis</strong></span> <span class='ocrx_word' id='word_1_167' title='bbox 1634 1984 1995 2056; x_wconf 81' lang='lat' dir='ltr'><strong>Scholiorum,</strong></span> <span class='ocrx_word' id='word_1_168' title='bbox 2051 1987 2108 2041; x_wconf 87' lang='lat' dir='ltr'><strong>in</strong></span> <span class='ocrx_word' id='word_1_169' title='bbox 2156 1985 2352 2055; x_wconf 87' lang='lat' dir='ltr'><strong>quibus</strong></span> <span class='ocrx_word' id='word_1_170' title='bbox 2405 1986 2462 2041; x_wconf 88' lang='lat' dir='ltr'><strong>hi</strong></span> 
     </span>
     <span class='ocr_line' id='line_1_25' title="bbox 453 2051 2458 2126; baseline -0 -18"><span class='ocrx_word' id='word_1_171' title='bbox 453 2053 684 2108; x_wconf 71' lang='lat' dir='ltr'><strong>maxime</strong></span> <span class='ocrx_word' id='word_1_172' title='bbox 720 2055 767 2106; x_wconf 87' lang='lat' dir='ltr'><strong>ri</strong></span> <span class='ocrx_word' id='word_1_173' title='bbox 808 2051 933 2106; x_wconf 80' lang='lat' dir='ltr'><strong>&#39;culi</strong></span> <span class='ocrx_word' id='word_1_174' title='bbox 968 2059 1118 2122; x_wconf 85' lang='lat' dir='ltr'><strong>sunt,</strong></span> <span class='ocrx_word' id='word_1_175' title='bbox 1177 2053 1248 2108; x_wconf 84' lang='lat' dir='ltr'><strong>ad</strong></span> <span class='ocrx_word' id='word_1_176' title='bbox 1281 2054 1339 2121; x_wconf 79' lang='grc' dir='ltr'><strong>β.</strong></span> <span class='ocrx_word' id='word_1_177' title='bbox 1375 2058 1494 2109; x_wconf 85' lang='grc'><strong>316.</strong></span> <span class='ocrx_word' id='word_1_178' title='bbox 1564 2052 1786 2126; x_wconf 75' lang='grc' dir='ltr'><strong><em>Ἐπειδὴ</em></strong></span> <span class='ocrx_word' id='word_1_179' title='bbox 1831 2054 2007 2115; x_wconf 76' lang='grc' dir='ltr'><strong><em>οὕτως</em></strong></span> <span class='ocrx_word' id='word_1_180' title='bbox 2041 2056 2194 2108; x_wconf 80' lang='grc' dir='ltr'><strong><em>δοκεῖ</em></strong></span> <span class='ocrx_word' id='word_1_181' title='bbox 2221 2061 2300 2125; x_wconf 76' lang='grc' dir='ltr'><strong>τῷ</strong></span> <span class='ocrx_word' id='word_1_182' title='bbox 2337 2055 2458 2125; x_wconf 80' lang='grc' dir='ltr'><strong><em>Ἀρι-</em></strong></span> 
     </span>
     <span class='ocr_line' id='line_1_26' title="bbox 454 2121 2462 2265; baseline 0 -23"><span class='ocrx_word' id='word_1_183' title='bbox 454 2122 601 2244; x_wconf 56' lang='lat'><strong>50&#39;21’</strong></span> <span class='ocrx_word' id='word_1_184' title='bbox 639 2139 699 2192; x_wconf 58' lang='grc' dir='ltr'><strong>φ’</strong></span> <span class='ocrx_word' id='word_1_185' title='bbox 733 2121 1258 2243; x_wconf 56' lang='lat' dir='ltr'><strong>fflffl</strong></span> <span class='ocrx_word' id='word_1_186' title='bbox 1285 2123 1580 2245; x_wconf 56' lang='lat' dir='ltr'><strong>ww</strong></span> <span class='ocrx_word' id='word_1_187' title='bbox 1627 2123 1853 2261; x_wconf 42' lang='grc' dir='ltr'><strong>ἔτι</strong></span> <span class='ocrx_word' id='word_1_188' title='bbox 1873 2122 2252 2265; x_wconf 46' lang='lat' dir='ltr'><strong>&#39;Srg‘mffl</strong></span> <span class='ocrx_word' id='word_1_189' title='bbox 2299 2123 2462 2245; x_wconf 61' lang='lat'><strong>{22⁶2</strong></span> 
     </span>
     <span class='ocr_line' id='line_1_27' title="bbox 456 2210 2475 2326; baseline 0.004 -67"><span class='ocrx_word' id='word_1_190' title='bbox 456 2228 660 2325; x_wconf 40' lang='lat' dir='ltr'><strong>‘&#39;hg-q,-</strong></span> <span class='ocrx_word' id='word_1_191' title='bbox 827 2274 1070 2326; x_wconf 36' lang='lat' dir='ltr'><strong>‘Qqu-</strong></span> <span class='ocrx_word' id='word_1_192' title='bbox 1145 2252 1328 2262; x_wconf 35' lang='lat' dir='ltr'><strong>„ww</strong></span> <span class='ocrx_word' id='word_1_193' title='bbox 1343 2210 1439 2264; x_wconf 43' lang='lat' dir='ltr'><strong>P„</strong></span> <span class='ocrx_word' id='word_1_194' title='bbox 1512 2210 1687 2265; x_wconf 60' lang='lat' dir='ltr'><strong>Eli!-</strong></span> <span class='ocrx_word' id='word_1_195' title='bbox 1728 2211 1854 2263; x_wconf 46' lang='grc' dir='ltr'><strong>ᾖ..Ψ</strong></span> <span class='ocrx_word' id='word_1_196' title='bbox 2005 2210 2475 2268; x_wconf 33' lang='lat' dir='ltr'><strong>namq-2&amp;-</strong></span> 
     </span>
    </p>

    <p class='ocr_par' dir='ltr' id='par_1_13' title="bbox 451 2342 2463 2755">
     <span class='ocr_line' id='line_1_28' title="bbox 589 2342 2459 2430; baseline 0.002 -33"><span class='ocrx_word' id='word_1_197' title='bbox 589 2344 637 2409; x_wconf 77' lang='grc'><strong>8)</strong></span> <span class='ocrx_word' id='word_1_198' title='bbox 664 2342 918 2423; x_wconf 32' lang='lat' dir='ltr'><strong>‘Eximiae</strong></span> <span class='ocrx_word' id='word_1_199' title='bbox 965 2343 1032 2398; x_wconf 90' lang='lat' dir='ltr'><strong>de</strong></span> <span class='ocrx_word' id='word_1_200' title='bbox 1078 2344 1395 2400; x_wconf 87' lang='lat' dir='ltr'><strong>Aristarcho</strong></span> <span class='ocrx_word' id='word_1_201' title='bbox 1438 2345 1627 2399; x_wconf 83' lang='lat' dir='ltr'><strong>laudes</strong></span> <span class='ocrx_word' id='word_1_202' title='bbox 1670 2351 1820 2425; x_wconf 46' lang='lat' dir='ltr'><strong>sunt·</strong></span> <span class='ocrx_word' id='word_1_203' title='bbox 1844 2345 2088 2425; x_wconf 79' lang='lat' dir='ltr'><strong>aequalis</strong></span> <span class='ocrx_word' id='word_1_204' title='bbox 2130 2343 2459 2430; x_wconf 79' lang='lat' dir='ltr'><strong>philosophi,</strong></span> 
     </span>
     <span class='ocr_line' id='line_1_29' title="bbox 451 2412 2462 2482; baseline -0 -16"><span class='ocrx_word' id='word_1_205' title='bbox 451 2412 716 2479; x_wconf 86' lang='lat' dir='ltr'><strong>Panaetn,</strong></span> <span class='ocrx_word' id='word_1_206' title='bbox 751 2428 843 2479; x_wconf 90' lang='lat' dir='ltr'><strong>ap.</strong></span> <span class='ocrx_word' id='word_1_207' title='bbox 874 2412 1074 2467; x_wconf 86' lang='lat' dir='ltr'><strong>Athen.</strong></span> <span class='ocrx_word' id='word_1_208' title='bbox 1109 2412 1255 2467; x_wconf 84' lang='lat' dir='ltr'>XIV.</span> <span class='ocrx_word' id='word_1_209' title='bbox 1290 2429 1343 2481; x_wconf 94' lang='lat' dir='ltr'><strong>p.</strong></span> <span class='ocrx_word' id='word_1_210' title='bbox 1368 2418 1486 2469; x_wconf 82' lang='lat'>634.</span> <span class='ocrx_word' id='word_1_211' title='bbox 1513 2413 1568 2468; x_wconf 85' lang='grc' dir='ltr'><strong>Ο.</strong></span> <span class='ocrx_word' id='word_1_212' title='bbox 1606 2419 1850 2468; x_wconf 78' lang='lat' dir='ltr'><strong>vocantis</strong></span> <span class='ocrx_word' id='word_1_213' title='bbox 1882 2413 2032 2468; x_wconf 74' lang='lat' dir='ltr'><strong>illum</strong></span> <span class='ocrx_word' id='word_1_214' title='bbox 2053 2430 2148 2477; x_wconf 80' lang='grc' dir='ltr'><strong>μα</strong></span> <span class='ocrx_word' id='word_1_215' title='bbox 2165 2432 2192 2464; x_wconf 80' lang='grc' dir='ltr'><em>ν</em></span> <span class='ocrx_word' id='word_1_216' title='bbox 2208 2431 2274 2466; x_wconf 86' lang='grc' dir='ltr'><strong>τι</strong></span> <span class='ocrx_word' id='word_1_217' title='bbox 2290 2432 2337 2482; x_wconf 81' lang='grc' dir='ltr'><strong>ν,</strong></span> <span class='ocrx_word' id='word_1_218' title='bbox 2377 2414 2462 2465; x_wconf 70' lang='grc' dir='ltr'><strong>διὰ</strong></span> 
     </span>
     <span class='ocr_line' id='line_1_30' title="bbox 452 2480 2463 2552; baseline 0 -19"><span class='ocrx_word' id='word_1_219' title='bbox 452 2480 517 2533; x_wconf 82' lang='grc' dir='ltr'><strong>τὸ</strong></span> <span class='ocrx_word' id='word_1_220' title='bbox 567 2480 773 2550; x_wconf 79' lang='grc' dir='ltr'><em>ῥᾳδίως</em></span> <span class='ocrx_word' id='word_1_221' title='bbox 827 2482 1346 2545; x_wconf 72' lang='grc' dir='ltr'><strong><em>καταμαντεύεσθαι</em></strong></span> <span class='ocrx_word' id='word_1_222' title='bbox 1400 2483 1498 2543; x_wconf 75' lang='grc' dir='ltr'><strong>τὰς</strong></span> <span class='ocrx_word' id='word_1_223' title='bbox 1548 2486 1658 2535; x_wconf 80' lang='grc' dir='ltr'><strong>τῶν</strong></span> <span class='ocrx_word' id='word_1_224' title='bbox 1713 2483 2026 2552; x_wconf 54' lang='grc' dir='ltr'><strong><em>ποιημάτων</em></strong></span> <span class='ocrx_word' id='word_1_225' title='bbox 2084 2481 2344 2547; x_wconf 80' lang='grc' dir='ltr'><strong><em>διανοίας,</em></strong></span> <span class='ocrx_word' id='word_1_226' title='bbox 2406 2491 2463 2535; x_wconf 85' lang='lat' dir='ltr'><strong>et</strong></span> 
     </span>
     <span class='ocr_line' id='line_1_31' title="bbox 452 2548 2459 2619; baseline 0.001 -17"><span class='ocrx_word' id='word_1_227' title='bbox 452 2548 605 2603; x_wconf 84' lang='lat' dir='ltr'><strong>Sexti</strong></span> <span class='ocrx_word' id='word_1_228' title='bbox 627 2548 834 2615; x_wconf 85' lang='lat' dir='ltr'><strong>Empir.</strong></span> <span class='ocrx_word' id='word_1_229' title='bbox 861 2564 904 2603; x_wconf 90' lang='lat' dir='ltr'><strong>c.</strong></span> <span class='ocrx_word' id='word_1_230' title='bbox 930 2548 1102 2604; x_wconf 86' lang='lat' dir='ltr'><strong>Math.</strong></span> <span class='ocrx_word' id='word_1_231' title='bbox 1126 2550 1222 2618; x_wconf 88' lang='lat' dir='ltr'><strong>IX,</strong></span> <span class='ocrx_word' id='word_1_232' title='bbox 1263 2554 1363 2605; x_wconf 89' lang='grc'><strong>110</strong></span> <span class='ocrx_word' id='word_1_233' title='bbox 1403 2550 1498 2619; x_wconf 89' lang='lat' dir='ltr'><strong>qui</strong></span> <span class='ocrx_word' id='word_1_234' title='bbox 1522 2565 1644 2604; x_wconf 90' lang='lat' dir='ltr'><strong>eum</strong></span> <span class='ocrx_word' id='word_1_235' title='bbox 1666 2550 1881 2604; x_wconf 85' lang='lat' dir='ltr'><strong>Platoni</strong></span> <span class='ocrx_word' id='word_1_236' title='bbox 1902 2550 2236 2618; x_wconf 90' lang='lat' dir='ltr'><strong>aliarumque</strong></span> <span class='ocrx_word' id='word_1_237' title='bbox 2261 2550 2459 2604; x_wconf 89' lang='lat' dir='ltr'><strong>artium</strong></span> 
     </span>
     <span class='ocr_line' id='line_1_32' title="bbox 453 2616 2461 2696; baseline 0.001 -27"><span class='ocrx_word' id='word_1_238' title='bbox 453 2616 673 2695; x_wconf 71' lang='lat' dir='ltr'><strong>summis</strong></span> <span class='ocrx_word' id='word_1_239' title='bbox 707 2617 936 2696; x_wconf 68' lang='lat' dir='ltr'><strong>ingeniis</strong></span> <span class='ocrx_word' id='word_1_240' title='bbox 971 2625 1263 2686; x_wconf 87' lang='lat' dir='ltr'><strong>comparat.</strong></span> <span class='ocrx_word' id='word_1_241' title='bbox 1333 2617 1589 2673; x_wconf 83' lang='lat' dir='ltr'><strong>Notiores</strong></span> <span class='ocrx_word' id='word_1_242' title='bbox 1611 2618 1718 2674; x_wconf 90' lang='lat' dir='ltr'><strong>loci</strong></span> <span class='ocrx_word' id='word_1_243' title='bbox 1741 2625 1867 2671; x_wconf 88' lang='lat' dir='ltr'><strong>sunt</strong></span> <span class='ocrx_word' id='word_1_244' title='bbox 1888 2618 2224 2685; x_wconf 89' lang='lat' dir='ltr'><strong>Latinorum,</strong></span> <span class='ocrx_word' id='word_1_245' title='bbox 2261 2618 2319 2672; x_wconf 87' lang='lat' dir='ltr'><strong>in</strong></span> <span class='ocrx_word' id='word_1_246' title='bbox 2354 2618 2461 2687; x_wconf 88' lang='lat' dir='ltr'><strong>pri-</strong></span> 
     </span>
     <span class='ocr_line' id='line_1_33' title="bbox 451 2685 2242 2755; baseline 0.001 -17"><span class='ocrx_word' id='word_1_247' title='bbox 451 2699 553 2738; x_wconf 79' lang='lat' dir='ltr'><strong>mis</strong></span> <span class='ocrx_word' id='word_1_248' title='bbox 587 2685 801 2738; x_wconf 88' lang='lat' dir='ltr'><strong>Horatu</strong></span> <span class='ocrx_word' id='word_1_249' title='bbox 835 2686 957 2739; x_wconf 86' lang='lat' dir='ltr'><strong>Art.</strong></span> <span class='ocrx_word' id='word_1_250' title='bbox 992 2692 1137 2753; x_wconf 78' lang='lat' dir='ltr'><strong>poet.</strong></span> <span class='ocrx_word' id='word_1_251' title='bbox 1173 2690 1291 2740; x_wconf 83' lang='lat'>450.</span> <span class='ocrx_word' id='word_1_252' title='bbox 1332 2685 1608 2746; x_wconf 81' lang='lat' dir='ltr'><strong>Ciceronis</strong></span> <span class='ocrx_word' id='word_1_253' title='bbox 1639 2686 1781 2755; x_wconf 86' lang='lat' dir='ltr'><strong>Epp.</strong></span> <span class='ocrx_word' id='word_1_254' title='bbox 1819 2685 1890 2740; x_wconf 92' lang='lat' dir='ltr'><strong>ad</strong></span> <span class='ocrx_word' id='word_1_255' title='bbox 1924 2688 2040 2741; x_wconf 90' lang='lat' dir='ltr'><strong>Att.</strong></span> <span class='ocrx_word' id='word_1_256' title='bbox 2077 2687 2122 2755; x_wconf 92' lang='lat' dir='ltr'><strong>I,</strong></span> <span class='ocrx_word' id='word_1_257' title='bbox 2164 2691 2242 2740; x_wconf 84' lang='lat'><strong>14.</strong></span> 
     </span>
    </p>
   </div>
   <div class='ocr_carea' id='block_1_13' title="bbox 451 2769 2461 3319">
    <p class='ocr_par' dir='ltr' id='par_1_14' title="bbox 451 2769 2461 3319">
     <span class='ocr_line' id='line_1_34' title="bbox 589 2769 2456 2841; baseline 0.001 -17"><span class='ocrx_word' id='word_1_258' title='bbox 589 2771 636 2835; x_wconf 85' lang='lat'><strong>⁷)</strong></span> <span class='ocrx_word' id='word_1_259' title='bbox 672 2769 782 2824; x_wconf 90' lang='lat' dir='ltr'><strong>Cur</strong></span> <span class='ocrx_word' id='word_1_260' title='bbox 828 2770 1231 2839; x_wconf 78' lang='lat' dir='ltr'><strong>grammaticam</strong></span> <span class='ocrx_word' id='word_1_261' title='bbox 1279 2770 1576 2826; x_wconf 89' lang='lat' dir='ltr'><strong>doctrinam</strong></span> <span class='ocrx_word' id='word_1_262' title='bbox 1622 2774 1828 2825; x_wconf 68' lang='lat' dir='ltr'><strong>minime</strong></span> <span class='ocrx_word' id='word_1_263' title='bbox 1872 2774 2124 2825; x_wconf 72' lang='lat' dir='ltr'><strong>illustrem</strong></span> <span class='ocrx_word' id='word_1_264' title='bbox 2170 2772 2456 2841; x_wconf 87' lang='lat' dir='ltr'><strong>appellem,</strong></span> 
     </span>
     <span class='ocr_line' id='line_1_35' title="bbox 451 2837 2461 2920; baseline 0.001 -28"><span class='ocrx_word' id='word_1_265' title='bbox 451 2837 621 2907; x_wconf 83' lang='lat' dir='ltr'><strong>probe</strong></span> <span class='ocrx_word' id='word_1_266' title='bbox 644 2838 962 2907; x_wconf 82' lang='lat' dir='ltr'><strong>intelligent,</strong></span> <span class='ocrx_word' id='word_1_267' title='bbox 998 2839 1192 2908; x_wconf 89' lang='lat' dir='ltr'><strong>quibus</strong></span> <span class='ocrx_word' id='word_1_268' title='bbox 1227 2838 1587 2920; x_wconf 78' lang='lat' dir='ltr'><strong>antiquarum,</strong></span> <span class='ocrx_word' id='word_1_269' title='bbox 1622 2841 1943 2909; x_wconf 88' lang='lat' dir='ltr'><strong>praesertim</strong></span> <span class='ocrx_word' id='word_1_270' title='bbox 1979 2840 2286 2907; x_wconf 88' lang='lat' dir='ltr'><strong>liberarum,</strong></span> <span class='ocrx_word' id='word_1_271' title='bbox 2335 2842 2461 2895; x_wconf 79' lang='lat' dir='ltr'><strong>civi-</strong></span> 
     </span>
     <span class='ocr_line' id='line_1_36' title="bbox 452 2907 2460 2978; baseline 0.001 -19"><span class='ocrx_word' id='word_1_272' title='bbox 452 2912 624 2960; x_wconf 86' lang='lat' dir='ltr'><strong>tatum</strong></span> <span class='ocrx_word' id='word_1_273' title='bbox 651 2923 849 2970; x_wconf 79' lang='lat' dir='ltr'><strong>‚mores</strong></span> <span class='ocrx_word' id='word_1_274' title='bbox 897 2914 954 2961; x_wconf 90' lang='lat' dir='ltr'><strong>et</strong></span> <span class='ocrx_word' id='word_1_275' title='bbox 1005 2907 1185 2962; x_wconf 86' lang='lat' dir='ltr'><strong>studia</strong></span> <span class='ocrx_word' id='word_1_276' title='bbox 1229 2912 1450 2976; x_wconf 80' lang='lat' dir='ltr'><strong>cogmta</strong></span> <span class='ocrx_word' id='word_1_277' title='bbox 1493 2914 1633 2962; x_wconf 86' lang='lat' dir='ltr'><strong>sunt.</strong></span> <span class='ocrx_word' id='word_1_278' title='bbox 1727 2909 1810 2962; x_wconf 92' lang='lat' dir='ltr'><strong>De</strong></span> <span class='ocrx_word' id='word_1_279' title='bbox 1847 2908 2043 2978; x_wconf 87' lang='lat' dir='ltr'><strong>quibus</strong></span> <span class='ocrx_word' id='word_1_280' title='bbox 2076 2909 2241 2963; x_wconf 82' lang='lat' dir='ltr'><strong>verbo</strong></span> <span class='ocrx_word' id='word_1_281' title='bbox 2276 2908 2460 2963; x_wconf 89' lang='lat' dir='ltr'><strong>monui</strong></span> 
     </span>
     <span class='ocr_line' id='line_1_37' title="bbox 451 2975 2460 3045; baseline 0 -15"><span class='ocrx_word' id='word_1_282' title='bbox 451 2990 518 3030; x_wconf 83' lang='lat' dir='ltr'><strong>ca</strong></span> <span class='ocrx_word' id='word_1_283' title='bbox 558 3015 570 3028; x_wconf 91' lang='lat'><strong><em>.</em></strong></span> <span class='ocrx_word' id='word_1_284' title='bbox 594 2975 741 3029; x_wconf 81' lang='lat' dir='ltr'>XIII.</span> <span class='ocrx_word' id='word_1_285' title='bbox 767 2993 819 3031; x_wconf 92' lang='lat' dir='ltr'><strong>n.</strong></span> <span class='ocrx_word' id='word_1_286' title='bbox 842 2980 921 3030; x_wconf 80' lang='lat'><strong>12.</strong></span> <span class='ocrx_word' id='word_1_287' title='bbox 981 2976 1088 3031; x_wconf 86' lang='lat' dir='ltr'><strong>Sed</strong></span> <span class='ocrx_word' id='word_1_288' title='bbox 1121 2977 1178 3030; x_wconf 90' lang='lat' dir='ltr'><strong>in</strong></span> <span class='ocrx_word' id='word_1_289' title='bbox 1196 2982 1426 3044; x_wconf 89' lang='lat' dir='ltr'><strong>utroque</strong></span> <span class='ocrx_word' id='word_1_290' title='bbox 1485 2976 1664 3045; x_wconf 89' lang='lat' dir='ltr'><strong>opu10,</strong></span> <span class='ocrx_word' id='word_1_291' title='bbox 1688 2983 1750 3031; x_wconf 89' lang='lat' dir='ltr'><strong>ut</strong></span> <span class='ocrx_word' id='word_1_292' title='bbox 1773 2993 1913 3045; x_wconf 86' lang='lat' dir='ltr'><strong>quae</strong></span> <span class='ocrx_word' id='word_1_293' title='bbox 1951 2993 2019 3032; x_wconf 90' lang='lat' dir='ltr'><strong>ue</strong></span> <span class='ocrx_word' id='word_1_294' title='bbox 2044 2992 2134 3031; x_wconf 85' lang='lat' dir='ltr'><strong>ars</strong></span> <span class='ocrx_word' id='word_1_295' title='bbox 2157 2984 2214 3044; x_wconf 79' lang='lat' dir='ltr'><strong>et</strong></span> <span class='ocrx_word' id='word_1_296' title='bbox 2231 2977 2460 3031; x_wconf 82' lang='lat' dir='ltr'><strong>scientia</strong></span> 
     </span>
     <span class='ocr_line' id='line_1_38' title="bbox 453 2993 2459 3113; baseline 0.001 -17"><span class='ocrx_word' id='word_1_297' title='bbox 453 3058 516 3096; x_wconf 88' lang='lat' dir='ltr'><strong>su</strong></span> <span class='ocrx_word' id='word_1_298' title='bbox 554 3044 699 3097; x_wconf 86' lang='lat' dir='ltr'><strong>tilior</strong></span> <span class='ocrx_word' id='word_1_299' title='bbox 731 3050 852 3098; x_wconf 90' lang='lat' dir='ltr'><strong>erat</strong></span> <span class='ocrx_word' id='word_1_300' title='bbox 886 3051 943 3098; x_wconf 90' lang='lat' dir='ltr'><strong>et</strong></span> <span class='ocrx_word' id='word_1_301' title='bbox 964 3060 1036 3098; x_wconf 85' lang='lat' dir='ltr'><strong>ex</strong></span> <span class='ocrx_word' id='word_1_302' title='bbox 1059 3044 1414 3099; x_wconf 86' lang='lat' dir='ltr'><strong>abditioribus</strong></span> <span class='ocrx_word' id='word_1_303' title='bbox 1454 3043 1670 3108; x_wconf 82' lang='lat' dir='ltr'><strong>ontibus</strong></span> <span class='ocrx_word' id='word_1_304' title='bbox 1686 2993 2001 3110; x_wconf 56' lang='lat' dir='ltr'><strong>ham-ionga,</strong></span> <span class='ocrx_word' id='word_1_305' title='bbox 2038 3046 2116 3099; x_wconf 86' lang='lat' dir='ltr'><strong>ita</strong></span> <span class='ocrx_word' id='word_1_306' title='bbox 2140 3044 2314 3098; x_wconf 87' lang='lat' dir='ltr'><strong>minus</strong></span> <span class='ocrx_word' id='word_1_307' title='bbox 2340 3060 2459 3113; x_wconf 82' lang='lat' dir='ltr'><strong>gra-</strong></span> 
     </span>
     <span class='ocr_line' id='line_1_39' title="bbox 452 3112 2460 3182; baseline 0.001 -17"><span class='ocrx_word' id='word_1_308' title='bbox 452 3112 561 3165; x_wconf 87' lang='lat' dir='ltr'><strong>tiae</strong></span> <span class='ocrx_word' id='word_1_309' title='bbox 587 3117 643 3166; x_wconf 90' lang='lat' dir='ltr'><strong>et</strong></span> <span class='ocrx_word' id='word_1_310' title='bbox 666 3112 886 3167; x_wconf 88' lang='lat' dir='ltr'><strong>honoris</strong></span> <span class='ocrx_word' id='word_1_311' title='bbox 905 3112 1143 3167; x_wconf 87' lang='lat' dir='ltr'><strong>habebat</strong></span> <span class='ocrx_word' id='word_1_312' title='bbox 1165 3113 1221 3167; x_wconf 91' lang='lat' dir='ltr'><strong>in</strong></span> <span class='ocrx_word' id='word_1_313' title='bbox 1243 3113 1451 3182; x_wconf 79' lang='lat' dir='ltr'><strong>vulgus.</strong></span> <span class='ocrx_word' id='word_1_314' title='bbox 1513 3113 1706 3182; x_wconf 87' lang='lat' dir='ltr'><strong>Itaque</strong></span> <span class='ocrx_word' id='word_1_315' title='bbox 1741 3113 1828 3168; x_wconf 82' lang='lat' dir='ltr'><strong>vel</strong></span> <span class='ocrx_word' id='word_1_316' title='bbox 1850 3113 2254 3168; x_wconf 87' lang='lat' dir='ltr'><strong>utilissimarum</strong></span> <span class='ocrx_word' id='word_1_317' title='bbox 2278 3127 2460 3167; x_wconf 89' lang='lat' dir='ltr'><strong>rerum</strong></span> 
     </span>
     <span class='ocr_line' id='line_1_40' title="bbox 452 3178 2459 3249; baseline 0.001 -16"><span class='ocrx_word' id='word_1_318' title='bbox 452 3178 632 3248; x_wconf 85' lang='lat' dir='ltr'><strong>periti,</strong></span> <span class='ocrx_word' id='word_1_319' title='bbox 667 3180 1009 3242; x_wconf 84' lang='lat' dir='ltr'><strong>Geometrae‚</strong></span> <span class='ocrx_word' id='word_1_320' title='bbox 1032 3181 1360 3249; x_wconf 89' lang='lat' dir='ltr'><strong>Astronomi,</strong></span> <span class='ocrx_word' id='word_1_321' title='bbox 1390 3181 1608 3249; x_wconf 79' lang='lat' dir='ltr'><strong>Medici,</strong></span> <span class='ocrx_word' id='word_1_322' title='bbox 1633 3182 1982 3237; x_wconf 82' lang='lat' dir='ltr'><strong>Grammatici</strong></span> <span class='ocrx_word' id='word_1_323' title='bbox 2003 3186 2059 3236; x_wconf 90' lang='lat' dir='ltr'><strong>et</strong></span> <span class='ocrx_word' id='word_1_324' title='bbox 2075 3181 2262 3235; x_wconf 84' lang='lat' dir='ltr'><strong>Critici</strong></span> <span class='ocrx_word' id='word_1_325' title='bbox 2285 3195 2459 3249; x_wconf 87' lang='lat' dir='ltr'><strong>paene</strong></span> 
     </span>
     <span class='ocr_line' id='line_1_41' title="bbox 453 3248 2460 3319; baseline -0 -16"><span class='ocrx_word' id='word_1_326' title='bbox 453 3249 935 3303; x_wconf 89' lang='lat' dir='ltr'><strong>contemnebantur</strong></span> <span class='ocrx_word' id='word_1_327' title='bbox 975 3265 1109 3318; x_wconf 87' lang='lat' dir='ltr'><strong>prae</strong></span> <span class='ocrx_word' id='word_1_328' title='bbox 1145 3249 1373 3304; x_wconf 88' lang='lat' dir='ltr'><strong>Oratore</strong></span> <span class='ocrx_word' id='word_1_329' title='bbox 1420 3255 1477 3303; x_wconf 92' lang='lat' dir='ltr'><strong>et</strong></span> <span class='ocrx_word' id='word_1_330' title='bbox 1510 3264 1691 3304; x_wconf 89' lang='lat' dir='ltr'><strong>rerum</strong></span> <span class='ocrx_word' id='word_1_331' title='bbox 1727 3250 1963 3305; x_wconf 83' lang='lat' dir='ltr'><strong>civilium</strong></span> <span class='ocrx_word' id='word_1_332' title='bbox 1996 3248 2292 3319; x_wconf 85' lang='lat' dir='ltr'><strong>prudente:</strong></span> <span class='ocrx_word' id='word_1_333' title='bbox 2341 3249 2460 3318; x_wconf 84' lang='lat' dir='ltr'><strong>ipse</strong></span> 
     </span>
    </p>
   </div>
   <div class='ocr_carea' id='block_1_14' title="bbox 183 3316 2458 3386">
    <p class='ocr_par' dir='ltr' id='par_1_15' title="bbox 183 3316 2458 3386">
     <span class='ocr_line' id='line_1_42' title="bbox 183 3316 2458 3386; baseline 0.003 -24"><span class='ocrx_word' id='word_1_334' title='bbox 183 3318 212 3362; x_wconf 69' lang='grc' dir='ltr'><strong><em>ἰ</em></strong></span> <span class='ocrx_word' id='word_1_335' title='bbox 273 3327 304 3356; x_wconf 78' lang='lat'><strong>⁶·</strong></span> <span class='ocrx_word' id='word_1_336' title='bbox 327 3323 354 3374; x_wconf 48' lang='grc' dir='ltr'><strong>ἠ</strong></span> <span class='ocrx_word' id='word_1_337' title='bbox 381 3343 428 3370; x_wconf 66' lang='lat'><strong>-0</strong></span> <span class='ocrx_word' id='word_1_338' title='bbox 452 3316 806 3372; x_wconf 86' lang='lat' dir='ltr'><strong>Archimedes</strong></span> <span class='ocrx_word' id='word_1_339' title='bbox 854 3319 1059 3370; x_wconf 63' lang='lat' dir='ltr'><strong>hamdis</strong></span> <span class='ocrx_word' id='word_1_340' title='bbox 1103 3318 1443 3371; x_wconf 55' lang='lat' dir='ltr'><strong>&amp;munaum</strong></span> <span class='ocrx_word' id='word_1_341' title='bbox 1488 3323 1573 3371; x_wconf 84' lang='lat' dir='ltr'><strong>est</strong></span> <span class='ocrx_word' id='word_1_342' title='bbox 1627 3318 1700 3373; x_wconf 90' lang='lat' dir='ltr'><strong>ad</strong></span> <span class='ocrx_word' id='word_1_343' title='bbox 1729 3319 2012 3374; x_wconf 86' lang='lat' dir='ltr'><strong>Platonem</strong></span> <span class='ocrx_word' id='word_1_344' title='bbox 2049 3325 2107 3371; x_wconf 92' lang='lat' dir='ltr'><strong>et</strong></span> <span class='ocrx_word' id='word_1_345' title='bbox 2141 3317 2458 3386; x_wconf 83' lang='lat' dir='ltr'><strong>Archytam.</strong></span> 
     </span>
    </p>
   </div>
   <div class='ocr_carea' id='block_1_15' title="bbox 452 3382 2460 3524">
    <p class='ocr_par' dir='ltr' id='par_1_16' title="bbox 452 3382 2460 3524">
     <span class='ocr_line' id='line_1_43' title="bbox 452 3382 2460 3506; baseline 0 -67"><span class='ocrx_word' id='word_1_346' title='bbox 452 3382 772 3464; x_wconf 80' lang='lat' dir='ltr'><strong>Quanquam</strong></span> <span class='ocrx_word' id='word_1_347' title='bbox 805 3384 977 3506; x_wconf 43' lang='lat' dir='ltr'><strong>[aeteus</strong></span> <span class='ocrx_word' id='word_1_348' title='bbox 1000 3386 1100 3465; x_wconf 41' lang='lat' dir='ltr'><strong>‚hic</strong></span> <span class='ocrx_word' id='word_1_349' title='bbox 1135 3391 1220 3466; x_wconf 73' lang='lat' dir='ltr'><strong>est</strong></span> <span class='ocrx_word' id='word_1_350' title='bbox 1252 3386 1634 3466; x_wconf 36' lang='lat' dir='ltr'><strong>Rom-anorum,</strong></span> <span class='ocrx_word' id='word_1_351' title='bbox 1709 3386 1765 3441; x_wconf 89' lang='lat' dir='ltr'><strong>ui</strong></span> <span class='ocrx_word' id='word_1_352' title='bbox 1798 3387 1988 3467; x_wconf 69' lang='lat' dir='ltr'><strong>magis,</strong></span> <span class='ocrx_word' id='word_1_353' title='bbox 2024 3388 2186 3465; x_wconf 80' lang='lat' dir='ltr'><strong>q&#39;uam</strong></span> <span class='ocrx_word' id='word_1_354' title='bbox 2221 3401 2460 3454; x_wconf 85' lang='lat' dir='ltr'><strong>unquam</strong></span> 
     </span>
     <span class='ocr_line' id='line_1_44' title="bbox 453 3450 2460 3524; baseline 0.001 -19"><span class='ocrx_word' id='word_1_355' title='bbox 453 3450 647 3506; x_wconf 82' lang='lat' dir='ltr'><strong>Graeci</strong></span> <span class='ocrx_word' id='word_1_356' title='bbox 681 3452 900 3507; x_wconf 77' lang='lat' dir='ltr'><strong>fecerun</strong></span> <span class='ocrx_word' id='word_1_357' title='bbox 927 3493 942 3521; x_wconf 86' lang='lat'><strong>,</strong></span> <span class='ocrx_word' id='word_1_358' title='bbox 976 3453 1224 3508; x_wconf 89' lang='lat' dir='ltr'><strong>hberaha</strong></span> <span class='ocrx_word' id='word_1_359' title='bbox 1256 3453 1439 3508; x_wconf 75' lang='lat' dir='ltr'><strong>studia</strong></span> <span class='ocrx_word' id='word_1_360' title='bbox 1470 3454 1543 3509; x_wconf 90' lang='lat' dir='ltr'><strong>ad</strong></span> <span class='ocrx_word' id='word_1_361' title='bbox 1563 3454 1684 3509; x_wconf 90' lang='lat' dir='ltr'><strong>luce</strong></span> <span class='ocrx_word' id='word_1_362' title='bbox 1725 3472 1816 3510; x_wconf 92' lang='lat' dir='ltr'><strong>um</strong></span> <span class='ocrx_word' id='word_1_363' title='bbox 1842 3471 1925 3509; x_wconf 82' lang='lat' dir='ltr'><strong>rei</strong></span> <span class='ocrx_word' id='word_1_364' title='bbox 1942 3454 2190 3523; x_wconf 80' lang='lat' dir='ltr'><strong>publicae</strong></span> <span class='ocrx_word' id='word_1_365' title='bbox 2209 3459 2266 3507; x_wconf 91' lang='lat' dir='ltr'><strong>et</strong></span> <span class='ocrx_word' id='word_1_366' title='bbox 2287 3469 2460 3524; x_wconf 87' lang='lat' dir='ltr'><strong>popu-</strong></span> 
     </span>
    </p>
   </div>
  </div>
 </body>
</html>
