2734 4000
44 0 61 151 ‘ffiq-uu

1167 262 1524 316 -95—

340 396 568 472 diserte
606 411 956 470 mentionem
1012 407 1154 468 facit
1191 408 1482 465 Pisistrati
1516 410 1814 464 amicorum
1855 408 1903 464 et
1940 410 2251 465 adimarum
2290 411 2347 465 in

339 492 529 545 Iliade
566 488 761 544 litteris
797 490 1112 543 mandanda
1121 485 1226 557 1⁸);
1278 491 1344 543 ut
1392 486 1547 543 clare
1586 491 1896 559 appareat,
1945 501 2070 544 rem
2109 503 2146 544 a
2183 486 2347 545 nobis

338 570 687 625 renovatam
707 565 1035 624 Pausaniae
1062 566 1257 622 aetate
1283 562 1535 621 nondum
1559 562 1732 636 plane
1758 562 2124 621 obscuratam
2148 560 2345 622 fuisse.

1174 772 1502 848 XXXV.

495 947 665 1005 Haec
703 962 878 1019 quum
917 946 1002 1003 ita
1041 945 1173 1017 sint,
1214 945 1320 1003 sub
1360 945 1603 1018 imperio
1642 945 2146 1006 Pisistratidarum
2172 946 2353 1006 Grae·
2378 962 2453 1004 155

348 1024 444 1082 515
500 1025 747 1097 primum
807 1028 1009 1080 vetera
1075 1021 1343 1081 Carmina
1392 1027 1589 1081 vatum
1640 1023 1923 1081 mansuris
1969 1024 2353 1083 monumentis

347 1101 680 1174 consignari
718 1099 885 1157 vidit.
951 1098 1267 1170 Talemque
1306 1104 1560 1157 aetatem
1601 1099 1706 1158 sub
1746 1100 2095 1158 incunabula
2131 1100 2355 1159 littera-

347 1194 479 1235 rum
518 1183 577 1236 et
614 1177 850 1236 maioris
891 1175 1078 1234 cultus
1119 1176 1300 1233 civilis
1342 1175 1498 1249 apud
1538 1192 1602 1235 se
1642 1176 1909 1234 viderunt
1946 1177 2144 1249 plures
2170 1178 2356 1237 natio-

349 1270 473 1328 555,
516 1269 759 1326 quarum
800 1252 1155 1325 comparatio
1196 1257 1468 1311 accurate
1507 1253 1775 1311 instituta
1812 1254 1902 1326 iis,
1943 1269 2093 1326 quae
2119 1254 2213 1312 hic
2242 1253 2356 1311 dis-

345 1336 641 1404 115151555,
681 1329 927 1387 multum
968 1329 1114 1387 lucis
1154 1328 1361 1387 afferre
1400 1330 1604 1403 possit.
1668 1331 1837 1402 Nam,
1877 1335 1944 1387 51
1982 1326 2127 1389 duas
2167 1330 2358 1390 obiter

350 1417 615 1480 tangam,
670 1413 730 1464 et
783 1407 936 1464 inter
994 1421 1057 1464 55
1108 1411 1169 1463 51
1218 1405 1460 1464 Graecis
1514 1407 1667 1465 omni
1717 1412 1887 1480 parte
1928 1406 2355 1478 1115511511111555,

349 1489 582 1551 constat
632 1484 787 1541 inter
837 1482 1067 1554 (105105,
1116 1482 1177 1538 15
1217 1482 1531 1541 Germania
1567 1488 1799 1553 nostra,
1849 1499 1997 1556 quae
2040 1483 2360 1543 domestica

349 1560 508 1619 bella
546 1565 606 1618 et
650 1560 982 1632 principum
1021 1558 1346 1631 ducumque
1386 1576 1619 1618 suorum
1659 1564 1828 1632 gesta
1865 1562 1981 1619 iam
2020 1567 2154 1619 ante
2193 1560 2360 1619 Taci-

350 1644 476 1696 tum
518 1635 893 1695 Carminibus
941 1635 1356 1709 celebraverat,
1395 1636 1502 1694 1155
1540 1638 1828 1710 primitias
1865 1636 2028 1695 rudis
2067 1637 2283 1710 ingenii
2322 1652 2359 1694 a

350 1713 562 1773 Carolo
603 1713 688 1770 M.
732 1711 973 1771 tandem
1013 1713 1284 1771 collectas
1326 1729 1456 1771 5555
1498 1719 1559 1771 51
1596 1713 1759 1772 1111115
1810 1713 2144 1785 mandatas3
2195 1714 2360 1771 item-

358 1806 473 1862 que
511 1789 747 1848 Arabes
775 1806 890 1847 505
930 1794 1066 1847 5515
1104 1788 1229 1846 VH.
1270 1804 1423 1848 saec.
1475 1790 1825 1850 inconditam
1862 1791 2066 1864 poesin
2102 1791 2362 1864 priorum

354 1867 618 1925 5515111111
667 1867 945 1924 155150115
983 1872 1364 1955 propagatam
1405 1867 1838 1927 collectionibus
1879 1869 2169 1938 (Βίυαηὲε)
2211 1883 2361 1925 com-

349 1943 713 2019 prehendere
738 1943 1020 2017 coepisse‚
1046 1943 1348 2016 ipsumque
1372 1942 1657 2003 Coranum
1684 1944 2022 2003 diversitate
2042 1945 2358 2017 primorum

353 2026 615 2079 textuum
670 2020 917 2079 similem
958 2020 1213 2079 Homero
1261 2018 1551 2079 fortunam
1599 2019 1790 2079 fateri.
1854 2022 2116 2080 Praeter
2153 2021 2259 2080 hos
2300 2029 2361 2079 et

355 2098 501 2157 alios
541 2098 789 2170 populos
835 2096 1209 2170 comparandi
1247 2102 1418 2154 erunt
1442 2097 1719 2171 Hebraei,
1760 2097 1917 2171 apud
1956 2114 2099 2171 quos
2138 2098 2361 2156 littera-

354 2191 484 2232 rum
524 2180 585 2232 51
622 2173 1055 2232 scribendorum
1093 2171 1373 2232 librorum
1398 2190 1537 2232 usus
1556 2175 1697 2233 mihi
1722 2174 1956 2247 quidem
1982 2174 2137 2233 haud
2163 2175 2358 2248 paullo

354 2251 647 2310 recentior
685 2249 948 2320 videtur,
1000 2266 1171 2322 quam
1209 2251 1382 2321 vulgo
1421 2257 1692 2325 putatur,
1747 2258 1808 2310 et
1844 2252 2032 2309 minus
2071 2251 2219 2310 adeo
2261 2266 2360 2323 ge-

355 2328 595 2385 nuinum
634 2344 844 2400 corpus
886 2328 1251 2400 scriptorum,
1290 2329 1636 2399 praesertim
1675 2329 2078 2400 antiquiorum.
2148 2326 2265 2386 Sed
2285 2328 2359 2394 de

355 2405 447 2462 1115
499 2410 559 2462 51
596 2404 865 2462 Arabicis
920 2404 1033 2461 11115
1075 2403 1507 2462 collectionibus
1563 2401 1814 2514 viderint
1851 2404 2112 2463 homines
2153 2404 2369 2463 eruditi

356 2481 569 2539 11115115
613 2480 886 2538 Orientis.

528 2556 622 2615 Ad
683 2557 940 2616 Graecos
998 2556 1356 2615 revertimur.
1447 2556 1558 2628 Qui
1625 2508 2003 2630 posteaquam
2052 2557 2369 2617 Homerum

356 2650 524 2691 suum
563 2633 940 2707 collegerant,
977 2649 1258 2707 perquam
1283 2632 1595 2692 verisimile
1622 2641 1729 2706 est,
1770 2650 1869 2693 505
1898 2633 2143 2693 eandem
2170 2650 2369 2693 curam

363 2710 563 2769 statim
604 2709 681 2769 ad
718 2711 957 2783 reliqua
995 2710 1426 2784 praestantiora
1466 2710 1735 2770 Carmina
1775 2711 2043 2784 supparis
2083 2712 2214 2769 aevi
2251 2716 2370 2769 tra-

366 2787 617 2845 duxisse.
703 2788 838 2858 Qua
876 2788 938 2845 in
977 2803 1042 2845 re
1083 2785 1349 2859 equidem
1388 2787 1576 2845 minus
1601 2788 1780 2846 miror
1806 2787 2096 2846 silentium
2122 2788 2472 2859 antiqui-157

362 2864 522 2921 tatis.
600 2862 753 2921 Nam
794 2863 974 2921 semel
1013 2864 1314 2937 proposito
1354 2864 1616 2953 exemplo
1655 2879 1839 2937 opera
1875 2865 1991 2922 ista
2028 2880 2143 2923 non
2181 2865 2372 2937 potuit

366 2939 678 2998 admodum
731 2938 980 2998 difficilis
1036 2955 1193 3011 5555,
1255 2955 1447 3012 55(155
1498 2940 1560 2998 15
1600 2940 1715 3000 5110
1774 2941 1891 2999 ullo
1947 2939 2212 3000 Carmine
2251 2945 2372 2998 tam

369 3014 743 3075 artificiosam
783 3022 1134 3075 structuram
1173 3018 1496 3088 quaesitam
1535 3017 1813 3075 videmus.
1890 3017 2095 3089 Itaque
2133 3034 2242 3076 nec
2280 3033 2372 3075 ce-

367 3093 513 3150 teris
553 3092 816 3164 reliquiis
855 3093 1179 3152 Homericis
1205 3108 1312 3150 nec
1336 3092 1667 3152 Hesiodicis
1695 3091 2020 3165 defuerunt,
2059 3100 2126 3152 ut
2150 3095 2371 3184 opinor,

368 3167 831 3238 διασκευασταί,
883 3171 980 3241 qui
1019 3170 1340 3242 singulares
1379 3170 1723 3243 rhapsodias
1763 3176 2197 3243 connecterent,
2250 3172 2372 3229 sive

374 3261 494 3317 eas,
536 3261 687 3316 quae
733 3245 806 3304 ab
847 3246 988 3320 ipsis
1029 3246 1359 3305 auctoribus
1387 3246 1465 3304 ad
1489 3246 1730 3305 eandem
1755 3245 1996 3306 formam
2021 3247 2372 3320 compositae

503 3408 576 3473 1Β)
599 3404 665 3461 ”H
697 3406 862 3459 αὐτὸν
900 3405 1320 3477 Πεισίστρατον,
1373 3408 1410 3476 ἢ
1451 3402 1591 3460 ΤΟΝ
1623 3400 1784 3460 ΤΙΝΛ
1817 3404 2159 3475 ΕΤΑΙΡΩΝ,
2202 3427 2371 3473 μετα

372 3478 596 3545 ποιῆσαι
633 3476 697 3527 τὸ
731 3476 905 3539 ὄνομα
924 3476 1037 3528 ὑπὸ
1072 3476 1304 3544 ἀγνοίας.
