2734 4000
1155 177 1514 229 -56-

332 328 457 382 tota
514 329 706 381 mente
759 323 925 394 quasi
984 339 1114 381 cum
1166 323 1280 381 illis
1341 324 1538 382 vivere
1588 327 1798 395 cogant
1811 321 1903 395 ⁵⁵).
1998 324 2125 395 Qua
2165 339 2235 381 ex
2271 337 2337 382 re

335 400 510 457 etiam
551 399 696 458 talia
735 399 1021 471 quaedam
1061 405 1379 458 manarunt
1423 401 1685 459 solennia
1725 398 1878 472 apud
1918 404 2140 472 poetaS,
2190 416 2337 472 quae

333 482 462 535 orta
501 477 747 548 primum
791 492 821 534 e
864 482 1025 535 certa
1048 480 1408 547 persuasione
1441 483 1654 548 vatum,
1694 492 1844 534 nunc
1870 482 2099 535 sacrata
2126 496 2337 533 consue-

254 558 304 597 93
333 555 513 608 tudine
551 568 614 610 se
654 557 907 611 tuentur.
974 554 1065 611 Ita
1115 552 1409 624 hodieque
1467 553 1788 625 longiorum
1830 552 2158 612 Garminum
2208 568 2338 612 con-

331 629 547 688 ditores
577 628 841 700 eundem,
869 645 1037 702 quem
1064 630 1242 702 prisci
1270 630 1356 687 illi
1386 629 1726 702 credebant,
1755 627 2013 688 afflatum
2038 629 2339 688 Musarum

333 711 394 763 et
430 705 717 778 Apollinis
760 707 1179 779 ementiuntur,
1237 712 1296 765 et
1341 706 1416 765 ab
1457 707 1528 764 iis
1573 707 1896 765 numinibus
1914 751 1929 779 ,
1986 722 2134 778 quae
2172 722 2340 766 nemo

333 799 462 840 esse
503 782 704 856 credit,
747 782 947 843 doctos
989 799 1052 841 se
1094 786 1241 841 edere
1282 793 1524 855 cantum,
1568 800 1682 842 non
1720 783 1967 843 humano
2005 799 2166 842 more
2193 785 2344 854 loqui

331 860 422 917 vel
460 862 687 915 scribere
726 861 1020 919 simulant:
1066 876 1136 918 ex
1176 876 1290 932 quo
1338 861 1455 918 iam
1496 861 1538 916 ii
1581 876 1808 932 quoque
1848 869 2067 931 canant,
2128 860 2226 931 qui
2266 876 2339 918 ne

320 939 687 1007 pronunciare
727 936 957 1008 quidem
996 942 1158 996 recte
1198 955 1334 1010 poss
1343 942 1463 1009 unt,
1510 942 1684 1008 atque
1725 939 1997 992 auditores
2036 936 2148 994 sibi
2187 935 2339 995 futu-

328 1029 425 1072 ros
467 1019 704 1086 sperant
741 1030 1026 1086 versuum,
1070 1014 1168 1085 qui
1207 1030 1624 1084 nonnunquam
1666 1014 1774 1073 soli
1812 1013 2174 1087 typographo
2201 1016 2340 1069 scri-

331 1093 544 1161 buntur,
598 1095 657 1148 et
705 1090 778 1149 ab
833 1092 932 1150 illo
985 1090 1272 1150 duntaxat
1324 1091 1661 1163 syllabatim
1701 1094 1961 1162 leyuntur.
2044 1089 2160 1149 Sed
2197 1090 2343 1148 haec

331 1172 392 1224 et
427 1167 607 1224 multo
647 1168 834 1240 plura,
877 1167 1084 1240 quibus
1128 1173 1375 1227 nostrae
1418 1168 1683 1240 poeticae
1723 1167 1874 1226 ratio
1916 1172 1975 1224 et
2015 1183 2109 1225 ars
2139 1165 2212 1225 ab
2242 1182 2340 1224 an-

329 1243 492 1315 tiqua
532 1241 728 1321 γνησιό
802 1265 853 1301 τι
892 1244 1116 1316 differt,
1146 1245 1219 1303 ab
1265 1245 1402 1303 aliis
1445 1245 1737 1317 magistris
1765 1243 2164 1315 cognoscenda
2191 1248 2338 1301 sunt.

331 1320 623 1393 Spernant
659 1322 770 1380 lice
811 1323 859 1380 it
895 1322 1001 1380 has
1043 1322 1309 1394 argutias
1357 1326 1615 1394 nostraS,
1668 1320 1990 1393 quicunque
2028 1320 2342 1379 Homerum

328 1397 588 1457 iudicare
627 1405 922 1470 nequeunt
972 1399 1085 1456 nisi
1128 1415 1198 1456 ex
1240 1398 1465 1457 nostris
1504 1399 1770 1471 ingeniiS,
1821 1396 1992 1456 modo
2031 1396 2339 1469 fateantur,

330 1473 574 1534 diversis
616 1476 919 1534 sententiis
960 1474 1227 1534 addictos
1275 1492 1384 1535 nos
1426 1491 1541 1534 non
1580 1474 1911 1534 temeritate
1952 1473 2085 1532 duci
2125 1473 2201 1532 ad
2239 1474 2342 1532 ali-

331 1557 423 1610 ter
461 1551 847 1610 iudicandum.

483 1630 608 1687 Nec
646 1644 783 1689 vero
822 1629 987 1688 nobis
1028 1629 1169 1702 ipsis
1212 1627 1491 1687 credibile
1539 1634 1711 1701 esset,
1754 1627 2023 1687 Carmina
2050 1644 2086 1686 a
2112 1628 2340 1687 vatibus

334 1708 392 1762 et
429 1705 761 1765 memoriter
800 1707 1119 1779 composita
1170 1711 1229 1764 et
1286 1705 1455 1763 unius
1498 1706 1810 1765 memoriae
1847 1705 2169 1764 ministerio
2207 1720 2338 1776 pro-

330 1788 547 1854 pagata
589 1798 733 1854 esse,
776 1784 1075 1853 (nonnulla
1104 1783 1255 1840 enim
1285 1799 1398 1841 non
1448 1786 1581 1840 sunt
1625 1781 1947 1855 credibilia,
1988 1798 2136 1853 quae
2161 1781 2339 1840 histo-

328 1858 419 1916 ria
460 1860 614 1931 cogit
654 1859 893 1918 credere
908 1864 947 1933 ,)
1001 1875 1188 1931 neque
1227 1860 1511 1931 mirarer,
1562 1859 1610 1916 si
1651 1859 1777 1930 quis
1818 1860 1909 1917 vel
1948 1859 2047 1916 uni
2086 1857 2339 1918 Homero

329 1935 614 2007 quendam
640 1953 804 1994 usum
845 1936 1133 1996 scribendi
1173 1933 1235 1993 ἐν
1277 1932 1631 2013 ἀποῤῥῆτοις
1671 1934 1848 1994 fuisse
1897 1934 2170 2009 fingeret,
2225 1935 2339 1992 nisi

330 2013 760 2085 vulgatissimus
815 2015 951 2073 olim
991 2032 1112 2073 mos
1153 2015 1456 2072 recitandi
1499 2021 1558 2072 et
1598 2014 1780 2073 omnis
1818 2014 2062 2072 historia
2099 2013 2338 2085 rhapso-

331 2088 533 2148 dorum
574 2092 1103 2163 argumentationes
1147 2096 1207 2149 et
1247 2091 1516 2150 rationes
1557 2096 1783 2150 nostras
1826 2090 2162 2163 gravissime
2206 2106 2336 2148 con-

329 2163 601 2227 firmaret.
682 2168 748 2225 In
788 2168 890 2226 illa
930 2172 1123 2227 autem
1165 2174 1257 2226 est
1280 2168 1545 2239 maxime,
1593 2167 1745 2239 quod
1774 2168 2090 2240 scrupuloS,
2131 2165 2335 2238 quibus

331 2259 599 2302 assensus
641 2244 957 2317 cohibetur,
997 2245 1229 2318 penitus
1272 2260 1343 2302 ex
1384 2244 1591 2303 animis
1636 2245 1863 2303 evellat.
1942 2244 2132 2303 Docet
2169 2244 2336 2314 enim,

331 2335 442 2390 quo
482 2327 655 2393 pacto
694 2319 821 2379 fieri
858 2322 1133 2394 potuerit,
1185 2326 1251 2379 ut
1288 2326 1451 2379 aetas
1499 2319 1711 2379 ἀοιδῶν
1750 2322 2113 2394 scriptoriam
2153 2325 2337 2379 artem

330 2398 422 2455 vel
458 2414 573 2457 non
614 2398 993 2470 desideraret,
1033 2406 1343 2469 antequam
1368 2397 1638 2457 Graecae
1664 2399 1898 2471 linguae
1931 2402 2133 2470 aptata
2165 2402 2335 2468 esset,

254 2496 305 2537 94
330 2475 448 2546 vel,
498 2490 670 2546 quum
717 2476 834 2534 iam
882 2475 994 2535 coli
1043 2476 1360 2548 coepisset,
1412 2474 1576 2548 ligno
1629 2482 1688 2533 et
1736 2476 1866 2533 aliis
1906 2473 2336 2548 operosioribus
2406 2518 2409 2521 <

329 2550 533 2609 massis
574 2567 759 2623 aequo
802 2553 990 2612 animo
1031 2553 1408 2623 relinqueret.

465 2716 536 2779 55)
570 2713 712 2767 Hinc
746 2712 1009 2767 vocabula
1044 2729 1114 2766 ex
1150 2712 1254 2766 hoc
1291 2712 1441 2766 civili
1484 2711 1634 2766 cultu
1668 2717 1779 2765 tam
1813 2726 1939 2764 rara
1972 2709 2176 2764 suntin
2201 2707 2338 2776 opti-

327 2782 429 2836 mis
462 2781 656 2850 poetis.
722 2781 864 2835 Hinc
899 2780 1157 2861 Virgilius
1193 2781 1248 2833 in
1282 2779 1539 2834 Aeneide
1558 2820 1572 2848 ‚
1611 2780 1713 2833 etsi
1747 2779 2088 2833 Homericam
2123 2777 2338 2831 sinceri-

327 2856 498 2904 tatem
532 2856 756 2903 naturae
794 2850 851 2903 in
885 2849 1127 2920 plurimis
1164 2849 1325 2903 rebus
1363 2864 1476 2902 non
1514 2849 1819 2916 assequitur
1854 2847 2138 2915 omniaque
2172 2844 2340 2899 habet

328 2918 609 2985 fucatiora‚
644 2934 907 2985 nusquam
942 2918 1282 2986 scripturam,
1324 2923 1381 2970 et
1420 2932 1560 2985 quae
1585 2916 1655 2970 ad
1678 2932 1797 2971 eam
1815 2916 2104 2985 pertinent,
2140 2928 2337 2968 memo·

329 2993 432 3042 rat.
499 2986 691 3055 Neque
726 2992 906 3041 tamen
941 3003 1047 3040 uno
1083 2986 1201 3040 loco
1238 2985 1374 3040 satis
1395 2985 1542 3040 cavit
1561 2984 1732 3039 levem
1757 2999 2008 3051 errorem,
2044 2984 2102 3036 in
2120 2981 2337 3051 Sibylla,

339 3056 583 3107 Carmina
634 3056 690 3106 in
725 3056 867 3119 soliis
903 3056 1215 3107 describente
1247 3056 1386 3107 notis
1420 3064 1467 3107 et
1508 3055 1798 3107 nominibus
1830 3053 1932 3119 111,
1967 3056 2084 3106 443.
2119 3050 2214 3117 VI,
2254 3049 2336 3104 74.

329 3122 359 3175 I
392 3139 552 3192 nunc,
588 3130 643 3176 et
679 3123 928 3191 Gorgiae,
964 3122 1170 3191 Ovidio,
1208 3122 1470 3190 Tragicis‚
1507 3121 1791 3189 Virgilium
1809 3119 1947 3176 adde
1971 3118 2341 3188 gravissimum

331 3195 543 3260 testem,
580 3191 780 3260 quippe
817 3196 1140 3260 perpetuum
1177 3191 1404 3245 Homeri
1439 3192 1780 3246 imitatorem.
