2734 4000
1241 261 1607 315 —116—

421 409 666 484 publicis
714 426 915 468 musea
977 414 1038 468 et
1091 408 1506 482 bibliothecae,
1566 425 1673 483 pro
1740 409 1972 482 ingenio
1988 453 2002 482 ‚
2061 409 2422 484 propriarum

422 504 593 562 opum
647 486 854 559 divite,
905 485 1140 560 trepida
1192 493 1252 544 et
1297 486 1686 546 mediocribus
1739 487 1897 545 ausis
1950 501 2013 545 se
2063 488 2422 547 committens

420 564 697 637 imitati0,
763 579 870 637 pro
929 563 1121 637 poesis
1174 568 1235 622 et
1294 564 1658 636 eloquentiae
1713 564 2166 625 concitatissimo
2218 564 2423 637 spiritu

422 640 643 713 sobria,
694 656 871 715 saepe
925 638 1140 713 frigida
1180 640 1458 711 eruditio,
1521 641 1582 697 in
1621 656 1933 713 omnesque
1972 647 2171 714 partes
2214 640 2422 701 doctri-

419 734 623 777 narum
661 716 870 777 diffusa
907 717 1080 777 lectio
1096 762 1112 791 ,
1161 733 1268 790 pro
1319 717 1666 777 inventionis
1719 718 1982 777 sollertia
2031 717 2311 778 sedulitas
2364 722 2423 776 et

421 811 562 855 cura
603 800 664 854 et
702 794 857 854 nitor
897 794 1129 867 quidam
1171 793 1567 868 dispositionis
1608 795 1938 869 poeticique
1978 795 2276 868 sermoniS,
2317 811 2421 868 pro

422 872 635 931 artium
685 871 935 943 denique
989 872 1239 931 omnium
1292 870 1597 944 magnifico
1652 878 1712 931 et
1752 873 1949 932 nativo
1990 870 2135 932 flore
2176 872 2422 932 corollae

424 965 494 1008 ex
542 948 798 1022 undique
850 948 1141 1021 decerptis
1194 946 1448 1007 flosculis
1490 949 1772 1009 collectae
1813 946 2415 1023 conspiciebantur59).

420 1027 488 1084 In
535 1026 624 1085 his
680 1024 875 1084 aute'm
924 1024 1131 1084 studiis
1148 1066 1165 1094 ,
1228 1041 1378 1096 quae
1441 1042 1592 1084 nunc
1650 1026 1898 1086 maxime
1951 1042 2113 1103 amor
2163 1027 2422 1098 antiquo-

420 1119 548 1161 rum
597 1102 1005 1162 imitandorum
1055 1101 1375 1175 excitabat,
1431 1122 1527 1159 ars
1584 1100 1694 1161 fuit
1744 1105 2136 1176 interpretandi
2171 1113 2222 1160 et
2259 1122 2421 1159 emen-

421 1182 618 1253 dandi,
668 1180 879 1238 lentius
930 1184 1215 1240 commota
1275 1184 1451 1239 antea
1465 1224 1479 1253 ,
1535 1181 1629 1238 cui
1678 1180 1867 1239 nullus
1916 1185 2179 1239 veterum
2226 1185 2422 1255 poeta-

421 1273 548 1315 rum
586 1256 843 1329 largiora
880 1256 1097 1329 pah-ula
1134 1255 1458 1330 praebebat
1485 1272 1655 1328 quam
1681 1257 1986 1318 Homerus.
2050 1257 2192 1318 Mox
2220 1256 2425 1317 eadem

422 1350 518 1392 ars
566 1333 836 1392 traducta
885 1339 976 1393 est
1025 1333 1099 1392 ad
1153 1332 1302 1393 alios
1355 1338 1588 1407 poetas,
1649 1334 1965 1408 praecipue
2016 1335 2254 1408 lyricos,
2306 1339 2425 1394 tra-

423 1411 609 1484 gicos,
662 1410 908 1470 comicos
926 1455 942 1483 ,
1000 1410 1139 1469 item
1181 1411 1257 1471 ad
1296 1411 1635 1484 historicos,
1687 1417 1976 1484 oratores,
2028 1411 2315 1483 medicos,
2365 1417 2426 1470 et

423 1492 488 1546 ut
527 1486 795 1561 quodque
836 1502 1016 1561 genus
1057 1488 1282 1562 insigne
1321 1494 1451 1547 erat
1487 1489 1851 1561 praestantia
1889 1503 2085 1547 rerum
2125 1494 2184 1548 et
2223 1489 2425 1549 obscu-

421 1564 598 1624 ritate
637 1563 961 1623 verborum.
1039 1564 1133 1622 Ad
1174 1566 1335 1624 illum
1376 1581 1542 1624 usum
1567 1565 1881 1624 latissimos
1910 1581 2143 1639 campos
2170 1564 2426 1642 ποικίλης

421 1639 1589 1793 fflgssgggssgffigggueffigmfflgffiffggffii2
1607 1646 2073 1792 23⁰⁶50³531¹ii31¹1¹3
2112 1648 2422 1782 titii?

2405 1763 2423 1791 ἱ

422 1795 832 1868 chronologiae
871 1795 1339 1868 reliquarumque
1380 1797 1635 1869 partium
1676 1796 2067 1869 antiquitatis,
2128 1797 2297 1854 simul
2335 1797 2422 1870 ip-

425 1888 547 1931 sam
586 1872 819 1945 linguae
851 1871 1112 1931 Graecae
1151 1880 1419 1932 naturam
1462 1879 1521 1932 et
1560 1873 1844 1932 rationem
1872 1873 2137 1946 scrutari,
2181 1888 2422 1946 eamque

424 1949 500 2008 ad
549 1948 710 2023 leges
762 1949 1066 2023 analogiae
1127 1956 1188 2009 et
1248 1950 1723 2010 consuetudinem
1781 1949 2061 2010 bonorum
2122 1956 2422 2011 auctorum

426 2026 689 2100 exigere,
728 2026 1135 2087 vocabulorum
1185 2028 1375 2087 varias
1417 2030 1632 2087 classes
1674 2027 2034 2101 describere,
2090 2028 2204 2085 τῶν
2242 2026 2425 2085 πολλὰ

325 2124 397 2165 190
425 2101 831 2181 σημαινόντων,
870 2102 1081 2181 ὁμοίων
1123 2110 1184 2164 et
1221 2102 1517 2183 διαφόρων
1546 2104 2037 2177 dialectorumque
2066 2103 2421 2164 differentias

425 2178 680 2254 definire,
723 2186 784 2240 et
822 2181 939 2240 alia
979 2181 1052 2240 de
1090 2182 1199 2242 hoc
1240 2197 1453 2255 genere
1481 2183 1706 2255 agitare
1733 2182 2001 2256 plurima,
2045 2181 2249 2253 quibus
2277 2182 2421 2240 mul-

424 2264 546 2316 tum
583 2259 820 2317 mutatis
860 2258 1124 2331 subinde,
1164 2259 1375 2318 misere
1415 2260 1713 2331 truncatis,
1766 2259 1826 2316 in
1867 2259 2013 2317 alias
2055 2265 2231 2332 atque
2272 2259 2420 2317 alias

424 2332 636 2393 formas
674 2333 918 2407 refictiS,
965 2335 1141 2395 hodie
1194 2351 1423 2409 quoque
1475 2336 1535 2395 in
1576 2336 1821 2397 doctiori
1861 2336 2053 2395 studio
2092 2336 2421 2408 linguarum

424 2426 600 2485 saepe
638 2411 805 2470 inscii
843 2410 1086 2471 fruimur
1104 2412 1199 2485 ⁶⁰).

1746 2501 1778 2518 ,Ὠ

559 2643 630 2723 ⁵9)
675 2641 905 2697 Erudite
948 2641 1083 2697 haec
1127 2646 1445 2710 persecutus
1493 2646 1577 2695 est
1611 2641 1695 2694 He
1732 2642 1854 2695 nius
1889 2641 1944 2702 in
1980 2641 2126 2695 Diss.
2158 2641 2224 2695 de
2262 2641 2420 2709 genio

423 2712 625 2766 saeculi
660 2711 1104 2780 Ptolemaeorum,
1141 2710 1337 2779 Opusc.
1374 2709 1522 2764 acad.
1565 2708 1679 2763 Vol.
1732 2748 1745 2762 .

556 2796 630 2863 ⁶0)
667 2794 840 2862 Quam
873 2794 1056 2848 multis
1093 2793 1148 2848 in
1184 2793 1346 2849 rebus
1384 2795 1546 2849 etiam
1583 2809 1724 2849 nunc
1784 2795 2073 2850 endeamus
2096 2794 2164 2848 ab
2187 2794 2419 2848 Alexan-

422 2863 694 2918 drinorum
730 2863 942 2917 iudiciis
979 2869 1035 2917 et
1069 2862 1546 2931 lucubrationibus,
1584 2863 1740 2931 singu
1763 2863 1892 2917 atim
1919 2863 2179 2931 exemplis
2205 2862 2421 2917 demon-

422 2939 593 2987 strare
631 2947 829 3001 operae
864 2931 1099 3001 pretium
1122 2929 1301 2986 fuerat
1388 2932 1475 2987 Sic
1497 2931 1669 2986 omnis
1693 2931 1807 2985 iere
1831 2931 2053 3000 vulgata
2076 2931 2423 2999 chronologia

419 3001 608 3054 horum
645 3007 728 3055 est
762 2999 1263 3065 Alexandrinorum,
1301 3000 1379 3054 sic
1412 2998 1821 3054 innumerabilia
1855 3000 1911 3054 in
1946 2999 2242 3054 subtilitate
2273 3005 2419 3053 vete-

419 3085 538 3122 rum
575 3068 895 3138 linguarum,
932 3068 1008 3123 Sic
1045 3067 1166 3125 alia.
1221 3067 1373 3123 Unus
1398 3068 1489 3122 ille
1514 3071 1737 3122 delectus
1761 3070 2086 3121 classicorum
2110 3069 2420 3134 scriptorum

421 3143 477 3190 et
523 3137 578 3190 in
625 3153 732 3206 quo
772 3153 841 3192 ue
887 3152 1084 3206 genere
1119 3135 1451 3216 principum,
1506 3151 1666 3205 quem
1701 3134 1791 3189 lib.
1831 3136 1897 3191 X.
1934 3135 2327 3204 quinctilianus
2364 3142 2422 3189 et

456 3204 739 3261 uodammo
779 3222 810 3260 o
856 3211 974 3261 tota
1020 3204 1312 3273 antiquitas
1348 3205 1618 3284 sequitur,
1664 3204 1899 3259 omnium
1936 3204 2269 3259 saeculorum
2306 3208 2418 3258 stu·

457 3273 508 3327 ia
556 3279 612 3328 et
657 3273 993 3329 librariorum
1040 3288 1229 3327 manus
1264 3272 1464 3327 direxit
1497 3273 1569 3327 ad
1602 3272 1686 3340 id,
1732 3273 1878 3341 quod
1912 3272 2173 3341 optimum
2210 3275 2327 3326 erat
2361 3271 2420 3324 in

418 3340 626 3396 infinita
660 3341 830 3410 copia.
901 3340 1120 3410 Absque
1157 3341 1248 3396 illo
1285 3340 1499 3396 delectu
1536 3347 1693 3407 esset,
1727 3341 1972 3409 profecto
2008 3356 2106 3395 nos
2139 3355 2247 3395 non
2281 3339 2421 3394 haec

417 3415 762 3532 monffienta
797 3408 1113 3478 antiquioris
1134 3409 1413 3479 Graeciae,
1450 3414 1506 3463 et
1528 3407 1678 3463 haud
1712 3409 1822 3463 scio
1862 3425 1931 3463 an
1949 3409 2124 3464 minus
2140 3413 2419 3478 praestan·

419 3476 497 3530 tia
639 3491 863 3531 eremus
