2734 4000
1129 225 1486 278 ...33-

305 377 474 430 cavet
488 415 504 444 ,
556 387 631 429 ne
690 372 783 429 cui
830 371 1143 445 mythicam
1189 387 1312 429 rem
1362 387 1470 444 pro
1520 376 1817 444 comperta
1852 371 2071 431 habere
2109 371 2310 431 libeat.

294 448 568 506 Pluribus
608 454 802 507 autem
840 448 902 506 id
940 463 1118 521 agere
1155 464 1406 521 possem,
1447 448 1692 521 prolatis
1721 448 2002 507 similibus
2032 449 2311 522 exemplis

296 523 643 597 fabularum,
694 531 762 583 ut
801 525 1033 584 celebre
1070 541 1278 584 nomen
1320 524 1523 584 Cadmi
1563 531 1784 583 temere
1824 525 1901 583 ad
1938 525 2311 585 Phoeniciam

291 601 682 661 inventionem
725 601 1058 661 traductum
1098 617 1425 676 arguerem,
1496 601 1614 661 Sed
1655 601 1792 674 quid
1830 602 1942 661 hoc
1980 607 2181 661 nostra
2218 619 2310 660 re·

291 676 448 738 fert?
524 678 607 737 Ut
658 678 909 737 Cadmus
958 679 1244 737 invexerit
1290 679 1519 737 litteras
1532 723 1548 750 ,
1607 684 1673 737 ut
1726 679 1990 737 barbaris
2028 679 2309 738 Boeotiae

293 754 640 828 stupendam
659 762 845 814 artem
865 755 1190 815 ostenderit
1208 774 1222 827 3
1245 755 1604 815 docilitatem
1624 756 1904 827 largimur
1922 757 1994 814 iis
2017 762 2078 813 et
2097 757 2305 815 otium:
2335 769 2385 808 55

295 832 555 903 quamvis
597 831 903 906 Amphion,
944 834 1174 905 integro
1216 833 1451 891 saeculo
1492 833 1799 906 posterior,
1855 834 1954 904 qui
1994 832 2309 891 Thebanae

289 909 414 967 arci
455 907 850 968 aedificandae
889 910 1118 982 lapides
1159 915 1337 968 cantu
1376 909 1628 968 movisse
1665 907 1871 981 fertur,
1924 909 2116 968 edicto
2157 926 2309 968 com-

285 985 516 1046 modius
554 987 845 1058 potuisset
884 987 1038 1045 cives
1079 1002 1334 1058 monere,
1376 992 1444 1044 ut
1482 986 1709 1058 lapides
1751 992 2133 1058 aggererent:
2202 986 2309 1045 sed

287 1067 357 1120 ut
406 1064 581 1135 pauci
629 1079 947 1135 paucorum
989 1064 1181 1135 gratia
1221 1063 1281 1119 in
1321 1062 1629 1122 scribendo
1668 1063 1784 1120 iam
1826 1068 1949 1121 tum
1988 1063 2307 1136 periculum

286 1136 553 1212 fecerint,
592 1140 683 1197 vel
723 1140 996 1198 brevibus
1038 1139 1299 1198 versibus
1344 1145 1406 1197 et
1448 1140 1883 1213 epigrammatis
1924 1156 2082 1212 aera,
2123 1155 2309 1212 nuper
2363 1177 2382 1186 »-

130 1201 247 1300 ⁹5⁹⁴*
286 1213 533 1274 conflari
572 1222 799 1289 coepta,
851 1217 1239 1289 signaverint3
1308 1233 1483 1288 quam
1522 1217 1697 1288 longe
1736 1216 1883 1274 haec
1920 1216 2085 1274 rudis
2125 1233 2305 1289 opera

285 1291 377 1350 ab·
416 1292 687 1365 expedito
735 1310 847 1351 usu
901 1299 962 1352 et
1000 1292 1280 1353 facultate
1325 1294 1470 1352 artis
1515 1293 1808 1365 discrepet
1822 1335 1837 1363 ‚
1899 1294 2144 1365 quisque
2183 1294 2306 1351 sine

284 1369 681 1428 admonitione
718 1375 920 1429 nostra
960 1370 1254 1442 intelligit.

438 1445 633 1517 Magis
687 1449 882 1505 autem
921 1447 1284 1506 Herodotum
1338 1448 1522 1506 miror
1572 1447 1633 1503 in
1685 1463 1784 1517 eo,
1837 1446 1990 1517 quod
2038 1446 2154 1504 tria
2206 1446 2305 1504 illa

283 1523 722 1595 epigrammata,
764 1540 914 1595 quae
946 1523 1173 1582 ibidem
1215 1539 1286 1581 ex
1326 1524 1717 1583 anathematis
1756 1523 1988 1581 Ismenii
2015 1522 2305 1596 Apollinis

281 1599 441 1671 apud
481 1598 787 1658 Thebanos
839 1601 1208 1673 transcripsit
1221 1600 1296 1670 1⁸)
1319 1645 1334 1672 ,
1389 1601 1651 1674 proxime
1690 1599 1766 1659 ad
1809 1599 2013 1658 Cadmi
2053 1605 2305 1658 aetatem

278 1675 538 1734 retriidit
551 1720 567 1747 ,
621 1682 681 1734 et
718 1676 973 1736 Homero
1026 1677 1214 1736 tribus
1256 1684 1583 1749 quatuorve
1623 1676 1869 1736 saeculis
1910 1677 2108 1749 priora
2146 1674 2305 1734 facit.

242 1815 247 1820 .
278 1752 641 1825 Acceperat,
694 1754 932 1826 opinor,
999 1754 1084 1813 ita
1135 1770 1173 1812 a
1210 1753 1723 1824 monstratoribus3
1789 1751 1976 1811 refert
2001 1769 2088 1811 ex
2126 1768 2306 1824 more,

279 1829 440 1901 quod
482 1836 816 1903 acceperat3
859 1836 919 1889 et
957 1831 1238 1889 inusitata
1273 1829 1462 1890 forma
1498 1831 1825 1890 litterarum
1854 1827 2077 1889 fecerat
2101 1828 2300 1887 fidem:
2330 1849 2380 1888 56

279 1921 395 1964 nec
410 1906 668 1979 ingenia
706 1907 807 1988 illo
848 1913 1111 1981 tempore
1141 1908 1387 1984 subacta
1418 1913 1587 1966 erant
1611 1907 1817 1966 harum
1843 1922 2040 1965 rerum
2067 1906 2301 1965 iudicio.
2363 1937 2390 1971 a
2409 1932 2502 1956 ma

279 1982 402 2041 Sed
454 1982 607 2054 quod
660 2000 735 2043 ne
783 1984 959 2044 hodie
1012 1985 1246 2057 quidem
1300 1985 1404 2044 illa
1443 1983 1604 2044 fraus
1644 2002 1841 2044 eorum
1881 1984 1985 2042 ulli
2024 1984 2304 2057 suspicio-

281 2076 421 2118 nem
459 2061 655 2133 movit,
696 2062 795 2132 qui
836 2063 1116 2134 cuiusque
1158 2063 1371 2122 aetatis
1416 2062 1738 2122 orationem
1783 2061 1981 2120 subtili
2021 2066 2148 2119 arte
2188 2060 2305 2118 dis-

275 2137 552 2208 tinguere
578 2143 944 2210 consuerant,
971 2139 1034 2197 id
1061 2140 1205 2199 satis
1231 2140 1438 2197 mirari
1464 2155 1707 2210 nequeo.
1750 2139 1900 2197 Nam
1928 2137 2117 2196 acrius
2144 2137 2302 2208 mihi,

278 2229 524 2285 quaeso,
564 2215 813 2274 animum
854 2216 1090 2274 intende
1128 2216 1204 2274 ad
1231 2217 1466 2275 illorum
1495 2232 1764 2274 versuum
1791 2232 2013 2285 sonum,
2056 2230 2302 2285 eumque

275 2306 559 2363 compara
618 2307 745 2349 cum
799 2292 1084 2362 Homer03
1136 2299 1239 2351 aut
1283 2293 1428 2351 nihil
1481 2293 1541 2350 in
1593 2292 1860 2364 Orphicis
1911 2290 2300 2350 adulterinum

275 2367 566 2439 reperies,
606 2374 710 2426 aut
747 2368 878 2427 illos
919 2368 996 2427 ad
1035 2369 1328 2427 Homerici
1368 2369 1425 2426 h.
1472 2385 1523 2427 e.
1567 2368 1827 2427 cultioris
1868 2367 2048 2427 Ionici
2090 2382 2304 2426 sermo-

278 2444 375 2501 nis
418 2444 794 2504 imitationem
819 2443 1004 2505 factos
1035 2461 1182 2519 esse,
1225 2452 1285 2505 et
1311 2445 1387 2504 ab
1418 2446 1553 2518 ista,
1594 2461 1743 2516 quae
1769 2443 1973 2517 fertur,
2015 2449 2305 2503 vetustate

372 2661 379 2665 “
417 2655 489 2722 l8)
526 2653 812 2710 Subiiciam
849 2670 931 2723 ea,
968 2662 1046 2722 ut,
1082 2655 1212 2724 quid
1245 2655 1424 2723 velim,
1466 2671 1536 2710 ex
1575 2655 1679 2710 hac
1752 2656 1913 2724 agina
1955 2658 2223 2722 appareat
2267 2670 2280 2704 z

478 2722 520 2776 I.
557 2723 887 2793 Ἀμφιτρύων
923 2723 975 2787 μ’
1012 2724 1295 2793 ἀνέθηκεν,
1332 2724 1434 2775 ἰὼν
1477 2725 1583 2777 ἀπὸ
1623 2719 1669 2775 Τ
1697 2672 1980 2790 ssssooiwv.

449 2789 522 2844 Π.
558 2789 748 2878 Satarche
780 2792 1214 2877 norstfale'wvffe
1250 2792 1657 2912 &Wssffls'ffffl‘d
1690 2792 1822 2844 λωνι

415 2927 515 2981 111.
553 2861 953 2996 233332013522
976 2860 1601 2998 ,ssjftzfz‘fff'ZJ-asszi„
1610 2856 1919 2982 Zizais„

536 2997 899 3066 μουναρχέων
937 2996 1173 3065 ἀνέθηκε
1209 2994 1326 3048 τεῒν
1373 2996 1698 3066 περικαλλὲς
1732 2993 1961 3062 ἄγαλμα.

412 3064 479 3117 In
525 3062 698 3131 primo
750 3079 912 3117 versu
957 3080 1056 3132 pro
1099 3064 1243 3132 vulg.
1291 3064 1395 3116 ἐών
1461 3066 1682 3132 reposui
1733 3079 1854 3117 cum
1884 3059 2161 3139 nonnullis
2197 3059 2292 3110 ἰών

262 3133 299 3186 i.
347 3146 396 3188 e.
436 3131 616 3185 ἀνιών.
659 3130 868 3185 Ceteris
904 3133 1226 3186 coniecturis
1261 3132 1354 3185 vix
1395 3133 1546 3186 locus
1582 3139 1692 3197 est3
1741 3131 1957 3184 minime
2007 3143 2087 3190 el,
2137 3141 2299 3196 quam

313 3206 402 3254 ost
444 3198 747 3253 Bentleium
790 3214 967 3268 nuper
1009 3200 1196 3268 plures
1243 3199 1513 3268 fecerunt,
1548 3201 1788 3269 ἀνέθηκε
1826 3199 1979 3250 νέων.
2058 3197 2142 3265 [ιιι
2174 3193 2299 3272 pon

329 3267 516 3323 ariano
552 3266 924 3335 Valguarnera
944 3274 1071 3321 ante
1111 3268 1293 3336 Bergl.
1313 3274 1369 3321 et
1402 3267 1576 3322 Wess
1603 3268 1726 3322 dell'
1751 3266 1956 3335 origine
1982 3262 2050 3317 ed
2075 3261 2299 3316 antlchi-

264 3338 325 3391 ta
363 3335 418 3390 di
435 3335 679 3389 Palermo
700 3341 755 3388 et
771 3335 1006 3390 Thomas
1019 3335 1280 3390 Perellius
1324 3352 1416 3404 ap.
1433 3335 1712 3398 Villoison,
1738 3334 1921 3389 anecd.
1936 3333 2027 3386 Gr.
2043 3335 2143 3398 2p.
2160 3332 2296 3394 129.]

260 3403 445 3458 Dandi
480 3402 712 3470 primum
728 3411 883 3457 erant
907 3410 1156 3457 auctores
1193 3404 1355 3458 huius
1386 3404 1594 3458 formae
1630 3404 1838 3457 activae
1864 3404 2085 3469 praeter
2111 3397 2298 3452 Gram-

261 3471 491 3526 maticos
526 3471 786 3540 quosdam
821 3479 877 3526 et
911 3480 1224 3540 corruptum
1289 3487 1511 3526 versum
1534 3473 1730 3542 Hymn.
1749 3471 1908 3526 Hom.
1950 3468 2009 3521 in
2032 3466 2151 3522 Cer.
2179 3469 2297 3520 395.

316 3566 377 3609 W
388 3577 416 3607 ο
426 3567 444 3606 1
456 3566 494 3616 f,
521 3566 862 3616 prolegomena.
1966 3568 1991 3607 8
