2734 4000
1170 279 1242 289 —
1302 252 1531 306 105—

500 401 650 460 Nam
698 399 820 473 fac,
883 399 1041 472 quod
1093 415 1167 458 ne
1222 400 1395 458 aliter
1445 398 1678 472 quidem
1726 396 1865 472 fingi
1910 416 2019 474 per
2054 400 2356 460 historiam
2384 414 2457 456 m

344 478 500 548 licet,
543 477 744 536 decem
784 478 876 536 vel
914 476 1124 550 viginti
1166 476 1521 550 exemplaria
1559 482 1694 550 post
1732 478 1980 550 primum
2006 477 2151 536 illud
2177 478 2356 550 scrip·

343 561 513 614 turae
551 560 847 613 tentamen
887 570 924 612 a
960 553 1104 611 viris
1144 554 1409 627 privatis,
1449 558 1516 611 ut
1554 557 1701 627 puta
1740 571 1777 612 a
1814 554 2121 628 rhapsodis
2136 598 2152 626 ,
2200 552 2355 612 facta

346 648 503 691 esse:
546 647 736 692 annon
774 632 834 689 in
876 647 948 690 ea
988 630 1188 689 statim
1228 630 1512 705 plurimas
1553 631 1904 691 variationes
1944 630 2146 690 inferri
2186 647 2353 704 opor·
2381 644 2458 686 172

341 710 474 782 tuit,
513 709 727 782 partim
770 724 841 766 ex
879 708 1056 766 variis
1095 707 1385 766 recitandi
1420 706 1607 768 modis
1624 751 1639 780 ,
1689 708 1901 781 partim
1943 724 2015 766 ex
2052 709 2353 781 ingeniosa

344 784 588 844 libidine
628 785 1080 844 describentium
1093 785 1122 838 ⁶?
1164 784 1504 856 Quanquam
1546 785 1698 844 enim
1734 785 1891 845 nullo
1930 790 2194 858 tempore
2222 801 2352 844 eva-

342 863 471 921 nuit
508 861 666 936 apud
707 860 963 922 Graecos
1005 862 1307 934 persuasio
1349 862 1424 919 de
1465 861 1658 920 divina
1698 862 1922 934 origine
1961 862 2203 922 Homeri
2242 863 2350 934 sui,

341 945 538 998 tamen
587 939 648 997 in
687 939 812 998 eius
855 939 1117 1001 oratione
1133 982 1149 1010 ,
1199 938 1350 996 sicut
1402 939 1464 996 in
1503 938 2010 1012 interpretatione,
2059 955 2352 1010 nunquam

341 1015 643 1074 desierunt
667 1031 890 1074 summa
915 1015 1154 1074 levitate
1181 1020 1408 1074 mutare
1437 1014 1738 1089 quidlibet,
1779 1016 2091 1088 corrigere,
2132 1014 2350 1087 fingere

342 1091 421 1151 ad
460 1091 703 1165 libitum,
744 1097 811 1150 ut
851 1091 1192 1164 dignissima
1232 1091 1462 1150 demum
1500 1093 1747 1150 numinis
1774 1090 1980 1151 afflatu
2003 1090 2349 1166 profaretur.

340 1170 546 1241 Neque
584 1170 696 1229 hoc
734 1167 996 1243 profecto
1039 1169 1248 1227 mirum
1289 1173 1398 1241 est,
1453 1185 1627 1240 quum
1665 1169 1847 1228 multo
1888 1170 2212 1242 graviorem
2250 1187 2352 1243 po-

342 1247 544 1321 pulum
581 1246 930 1305 Iudaeorum
971 1246 1117 1305 satis
1159 1245 1262 1304 diu
1291 1245 1534 1304 eandem
1560 1247 1845 1305 rationem
1842 1247 2130 1325 &puisse
2155 1246 2350 1306 videa-

340 1339 485 1381 mus,
562 1324 686 1382 Iam
726 1323 778 1382 si
816 1339 967 1383 nova
1009 1322 1255 1381 subinde
1301 1323 1658 1399 exemplaria
1698 1321 1905 1382 fierent
1946 1339 2018 1381 ex
2054 1323 2197 1396 illm,
2237 1323 2351 1382 nisi

338 1399 605 1459 indoctus
645 1400 917 1459 librarius
968 1400 1292 1473 proximum
1343 1399 1596 1472 quougis„
1627 1406 1923 1473 arreptum
1960 1390 2211 1459 fideliter
2250 1400 2350 1458 de-

339 1476 661 1550 scribebat,
712 1477 756 1534 ii
808 1477 906 1548 qui
961 1477 1066 1534 illa
1118 1476 1428 1549 curabant,
1479 1478 1705 1536 collatis
1745 1477 2010 1550 pluribus
2053 1477 2347 1550 exempliS,

336 1569 462 1611 rem
503 1553 599 1612 vix
638 1554 811 1613 aliter
849 1552 1095 1626 aggredi
1131 1558 1464 1627 potuerunt,
1507 1569 1679 1626 quam
1704 1559 1772 1612 ut
1795 1552 2103 1612 iudicando
2134 1554 2348 1626 eligen-

337 1629 547 1703 doque,
590 1630 744 1702 quod
783 1631 994 1702 cuique
1036 1629 1164 1689 loco
1204 1629 1503 1689 videretur
1542 1631 1919 1704 aptissimum,
1958 1629 2200 1690 formam
2225 1635 2348 1690 tex-

340 1711 435 1765 tus
462 1708 656 1766 multis
697 1706 964 1780 partibus
1005 1707 1179 1766 aliam
1225 1706 1503 1766 facerent.
1584 1707 1744 1766 Talis
1785 1713 1981 1766 autem
2017 1723 2198 1766 novus
2223 1712 2348 1767 tex-

338 1789 454 1857 tus,
494 1789 561 1842 ut
598 1789 720 1842 tum
750 1789 918 1842 erant
944 1788 1226 1858 tempora,
1265 1799 1456 1856 neque
1482 1782 1729 1858 perferri
1755 1785 1947 1857 potuit
1971 1785 2030 1842 in
2056 1784 2347 1859 publicam

342 1860 627 1934 notitiam,
670 1861 910 1934 (quippe
949 1861 1210 1934 privatus
1250 1860 1417 1920 labor
1457 1865 1627 1934 erat,)
1671 1876 1859 1933 neque
1900 1862 2043 1922 alios
2069 1877 2346 1920 revocare

343 1938 418 1997 ab
460 1937 633 1995 simili
671 1938 939 1996 instituto
997 1943 1057 1996 et
1105 1953 1286 2012 opera
1334 1937 1558 1996 scilicet
1598 1937 1959 1997 emendandi.
2039 1937 2135 1999 Sic
2174 1944 2345 1999 aucto

341 2015 557 2074 sensim
598 2031 836 2075 numero
878 2015 1140 2075 codicum
1155 2060 1170 2089 ‚
1228 2014 1354 2074 fons
1402 2016 1501 2074 ille
1540 2016 1942 2088 Pisistrateus‚
1995 2017 2047 2074 si
2083 2016 2254 2075 modo
2292 2017 2343 2074 is

342 2108 491 2151 unus
533 2090 659 2151 fons
699 2090 830 2165 fuit,
872 2092 932 2148 in
970 2093 1168 2165 plures
1214 2092 1427 2151 diversi
1466 2094 1627 2151 velut
1652 2093 1876 2171 sapqris
1901 2094 2116 2151 rivulos
2145 2092 2345 2151 diduc-

337 2175 432 2228 tus
484 2184 617 2229 mox
665 2167 1023 2243 impediebat
1079 2174 1388 2228 accuratae
1437 2170 1704 2230 lectionis
1743 2169 2013 2228 studium.
2091 2169 2252 2242 Ergo
2293 2170 2345 2227 si

339 2246 760 2318 intelligentior
800 2246 1029 2319 aliquiS‚
1077 2251 1138 2304 et
1177 2248 1276 2318 qui
1317 2245 1471 2304 idem
1499 2252 1657 2305 esset
1681 2252 1876 2321 poeta,
1915 2251 2019 2305 aut
2045 2251 2204 2304 certe
2229 2262 2343 2306 non

340 2322 565 2381 alienus
609 2339 644 2381 a
681 2323 916 2396 poetica
955 2321 1255 2395 facultate,
1298 2326 1430 2394 (nec
1470 2324 1769 2395 quisquam
1810 2324 1976 2395 aliuS,
2017 2323 2171 2396 quod
2210 2337 2344 2382 con-

342 2404 477 2471 stet,
516 2405 655 2458 ante
693 2400 1147 2472 Aristophanem
1185 2400 1324 2472 Byz.
1367 2400 1545 2458 talem
1585 2416 1782 2459 curam
1819 2401 2120 2474 suscepit‚)
2161 2399 2266 2462 sed
2292 2400 2343 2458 si

342 2477 471 2548 quis
511 2476 844 2550 intelligens
886 2481 947 2534 et
989 2475 1286 2536 studiosus
1328 2478 1600 2548 antiquae
1628 2477 1974 2550 elegantiae,
2014 2475 2124 2535 sibi
2151 2477 2341 2535 suisve

340 2553 539 2612 amicis
580 2559 894 2626 paraturus
935 2569 1149 2612 novum
1191 2553 1591 2628 exemplarffl),
1631 2554 1897 2628 optimoS‚
1946 2570 2087 2625 quos
2129 2552 2343 2612 alicubi
2368 2574 2443 2614 173

336 2842 495 2897 Alex.
532 2842 635 2896 Str.
670 2842 714 2895 Ι.
792 2885 803 2894 .
839 2845 958 2898 309.
1007 2858 1103 2896 seu
1151 2842 1218 2896 de
1266 2841 1545 2898 Autodoro
1590 2842 1647 2897 in
1690 2843 1980 2898 Theodosii
2024 2842 2197 2898 Schol.
2252 2858 2337 2911 ap.

338 2911 522 2966 Burm.
557 2909 627 2964 ad
659 2858 838 2989 Vasss
875 2910 1143 2965 Emendd.
1178 2926 1234 2990 p.
1275 2915 1388 2965 146.
1426 2917 1482 2965 et
1517 2909 1721 2966 Villois.
1757 2911 1961 2966 Anecd.
1998 2912 2088 2966 Gr.
2124 2927 2177 2979 p.
2220 2913 2338 2967 1⁷3.

335 2978 598 3034 Neutrius
633 2994 792 3045 emm,
841 2978 888 3031 si
922 2984 1103 3033 tamen
1139 2978 1335 3032 diversi
1372 2984 1511 3047 sunt,
1558 2985 1793 3034 aetatem
1828 2985 2088 3034 tenemus.
2157 2980 2338 3034 Relin-

336 3047 523 3117 quitur
557 3062 703 3115 ergo,
751 3051 813 3099 ut
858 3047 956 3115 rei,
1004 3063 1113 3101 non
1146 3047 1391 3116 nominiS,
1434 3046 1729 3116 primordia
1764 3048 2121 3116 exquiramus.
2191 3047 2335 3102 Reli-

334 3131 498 3185 quam
557 3114 837 3168 historiam
885 3115 1278 3170 Grammaticae
1335 3121 1392 3169 et
1443 3115 1674 3171 Criticae
1732 3114 1890 3171 docte
1941 3122 2339 3184 persequuntur

332 3189 552 3306 ενι-θεῖοι·
594 3182 774 3237 ValeS.
826 3183 860 3236 1.
897 3182 932 3236 1.
972 3184 1316 3252 Maussacus,
1365 3183 1663 3238 Wowerius
1676 3223 1691 3252 ,
1743 3183 1954 3238 Fabric.
1991 3183 2062 3238 ad
2096 3184 2337 3252 Sextum,

408 3252 614 3307 alchius
649 3250 908 3318 singulari
941 3251 1137 3306 libello.

471 3337 541 3404 37)
580 3334 741 3396 ’loim—
774 3338 1188 3417 gezgagge'my,
1215 3337 1248 3390 i.
1287 3352 1332 3392 e.
1362 3338 1570 3404 privato
1602 3338 1769 3389 studio
1802 3336 2126 3416 deneg-imum,
2176 3337 2336 3404 quale

332 3405 1219 3542 Zffi¹²2³i1¹x¹r.‘¹ss¹f³‘¹6¹ii›.⁰{¹sm¹1¹>¹ss³
1233 3403 2335 3541 fffflfflssssrffisssseffi'mffffssnffflffinffi
