2734 4000
1122 223 1514 277 .-.43....

331 372 496 433 lendi
535 377 596 432 et
619 388 851 445 prosam
876 370 1180 444 condendi,
1221 373 1363 431 satis
1390 373 1505 430 iam
1533 372 1805 445 expedita
1829 370 2007 430 fuerit
2030 373 2338 446 scriptoria

334 467 433 509 ars
485 453 832 523 suppetente
880 450 1049 522 copia
1095 449 1629 530 instrumentorum,
1682 449 1888 521 quibus
1928 449 2003 509 ad
2043 466 2171 508 eam
2210 455 2338 508 ute-

334 532 541 587 rentur
566 526 690 585 sine
715 526 1000 585 molestia.
1054 525 1186 585 Non
1213 525 1365 597 quod
1393 527 1452 584 in
1478 526 1593 584 ista
1619 527 1789 599 copia
1814 527 1991 585 ullam
2017 528 2131 584 vim
2155 524 2337 586 fuisse

334 610 565 677 putem,
618 609 683 661 ut
732 620 939 662 novum
978 619 1159 676 genus
1199 604 1457 675 cogitata
1486 602 1793 675 eloquendi
1829 610 2199 674 nasceretur3
2249 604 2336 661 uti

337 680 497 740 docti
535 680 786 753 quidam,
827 695 1002 751 quum
1041 680 1327 754 poeticam
1354 686 1475 739 tam
1500 686 1725 739 mature
1750 686 1947 739 natam
1971 681 2338 752 mirarentur,

335 773 545 828 neque,
585 773 687 815 cur
725 756 811 815 ita
848 754 1064 816 factum
1106 763 1281 828 esset,
1321 757 1605 829 viderent,
1645 773 1877 816 causam
1906 759 2030 816 eius
2056 758 2145 815 rei
2172 772 2340 831 prae-

338 834 566 907 cipuam
592 833 742 891 hanc
767 835 1106 906 attulerunt,
1132 833 1286 905 quod
1312 834 1475 892 rudis
1501 835 1749 907 populus
1779 840 1947 893 acute
1968 833 2342 907 praeviderit,

339 911 609 969 eximium
646 911 1001 983 praesidium
1028 912 1338 970 memoriae
1365 908 1489 971 fore
1516 911 1576 968 in
1601 927 1907 971 numerosa
1932 911 2333 971 moderatione

338 1004 633 1045 versuum:
687 1004 884 1045 verum
931 993 1126 1047 tamen
1173 1004 1288 1046 non
1335 989 1625 1059 intelligo,
1677 1004 1792 1059 qua
1830 989 2065 1046 tandem
2103 988 2337 1047 ratione

341 1064 606 1135 cuiquam
633 1065 694 1121 in
720 1070 970 1123 mentem
997 1067 1193 1124 venire
1220 1065 1479 1138 potuerit
1504 1065 1724 1136 aliquid
1750 1066 2072 1138 prosarium
2113 1080 2339 1138 compo-

340 1156 499 1213 nere,
526 1141 639 1199 nisi
664 1141 836 1200 aliam
863 1142 1184 1201 custodiam
1210 1142 1515 1215 compositi
1534 1144 1593 1200 in
1613 1148 1884 1215 promptu
1900 1141 2146 1201 haberet
2166 1157 2337 1213 quam

339 1218 674 1276 memoriam
700 1235 880 1276 suam.
924 1218 1202 1277 Obruitur
1229 1219 1381 1277 enim
1405 1221 1700 1290 memoria,
1728 1219 2063 1291 animusque
2090 1224 2336 1290 vagatur

345 1301 406 1354 et
447 1300 603 1352 errat
640 1296 701 1353 in
739 1295 849 1354 hac
885 1296 1072 1355 libera
1119 1297 1548 1356 continuatione
1588 1295 1919 1368 verborum,
1971 1312 2120 1367 quae
2159 1296 2333 1354 nullis

346 1370 521 1430 certis
572 1373 825 1430 numeris
884 1373 1167 1433 adstricta
1217 1379 1338 1445 est,
1387 1374 1559 1432 nullis
1601 1374 1757 1432 velut
1796 1373 1999 1446 spatiis
2040 1372 2331 1443 distincta,

347 1447 554 1520 quibus
583 1450 779 1510 ‚oratio
819 1449 1017 1508 orbem
1057 1467 1223 1510 suum
1262 1448 1542 1510 conficiat.
1602 1450 1783 1522 Atqui
1822 1466 1995 1522 quum
2035 1449 2345 1509 Homerica

348 1524 527 1583 dictio
566 1525 736 1598 longe
775 1526 1060 1599 longeque
1098 1527 1343 1587 reducta
1384 1528 1462 1587 sit
1501 1526 1573 1586 ab
1614 1544 1684 1586 eo
1725 1544 1893 1599 sono,
1945 1543 2115 1598 quem
2154 1527 2214 1583 in
2253 1526 2338 1583 in-

347 1599 531 1660 fantia
570 1603 825 1674 gentium
864 1603 1069 1663 horror
1107 1610 1404 1678 troporum
1433 1611 1494 1662 et
1515 1605 1828 1675 imaginum
1853 1602 2037 1675 inflat,
2078 1609 2254 1675 atque
2281 1603 2339 1659 in

348 1678 540 1736 verbis
569 1685 628 1737 et
652 1680 1036 1739 locutionibus
1065 1683 1353 1754 castigata
1378 1681 1704 1753 admodum,
1744 1681 2033 1752 aequabili
2063 1695 2342 1738 verecun-

350 1754 540 1828 doque
588 1761 790 1815 tenore
843 1775 946 1817 suo
996 1758 1161 1829 quasi
1210 1759 1590 1832 praenunciet
1637 1757 1972 1831 pedestrem
2024 1756 2340 1816 dictionem

349 1832 609 1905 proxime
648 1839 994 1907 secuturam,
1034 1851 1204 1907 quam
1242 1843 1438 1894 tamen
1476 1836 1721 1908 amplius
1762 1836 1878 1893 tria
1914 1835 2149 1892 saecula
2185 1850 2221 1892 a
2247 1849 2346 1891 ne·
2374 1835 2426 1874 ⁷2
2509 1843 2516 1848 ⁴

348 1908 502 1966 mine
529 1915 810 1969 tentatam
838 1912 1185 1984 reperimus:
1227 1914 1312 1971 ita
1338 1929 1471 1972 mea
1496 1910 1612 1971 fert
1637 1912 1860 1985 opinio,
1892 1917 1958 1970 ut
1982 1927 2096 1970 non
2123 1911 2340 1968 cultum

351 1986 729 2060 ingeniorum,
769 1986 874 2047 sed
914 1989 1032 2049 alia
1068 1989 1352 2062 quaedam
1394 1990 1752 2061 maximeque
1780 1986 2178 2048 difficultatem
2205 1987 2348 2046 scri·

350 2064 529 2122 bendi
576 2065 827 2124 arbitrer
875 2066 936 2123 in
972 2084 1136 2126 mora
1173 2066 1385 2140 fuisse,
1434 2084 1547 2139 quo
1597 2067 1785 2125 minus
1835 2068 2121 2140 poeticam
2170 2081 2345 2139 prosa

356 2141 687 2212 eloquentia
726 2147 845 2201 tam
873 2135 1068 2216 celeri,
1110 2160 1282 2216 quam
1306 2151 1517 2203 natura
1542 2142 1743 2216 ferret,
1782 2143 1970 2216 gradu
1995 2148 2353 2215 sequeretur.

513 2218 696 2290 Quam
735 2219 808 2278 ob
848 2235 971 2278 rem
1012 2222 1357 2294 scripturam
1398 2227 1627 2280 tentare
1669 2226 1729 2279 et
1767 2221 2050 2280 communi
2088 2220 2218 2278 usui
2244 2236 2346 2291 ap-

354 2301 484 2353 tare
522 2295 695 2368 plane
732 2295 888 2354 idem
927 2297 1158 2356 videtur
1195 2297 1394 2371 fuisse,
1435 2304 1609 2370 atque
1648 2314 1880 2370 prosam
1918 2303 2148 2356 tentare
2189 2301 2249 2354 et
2287 2296 2347 2352 in

358 2388 430 2430 ea
457 2373 772 2431 excolenda
797 2389 1122 2446 saponere.
1162 2374 1367 2447 Neque
1389 2376 1542 2434 enim
1560 2381 1682 2433 tum
1701 2375 1949 2448 primum
1968 2373 2345 2432 nascebatur:

357 2449 584 2507 cultura
610 2449 780 2509 modo
808 2447 1077 2510 defuerat
1103 2458 1164 2529 et
1187 2450 1562 2512 conformatio
1589 2451 1893 2523 quaedam,
1934 2451 1992 2508 in
2016 2450 2193 2522 ligno,
2232 2464 2352 2507 me-

357 2525 535 2594 tanis,
572 2526 862 2599 lapidibus
901 2543 1016 2586 non
1053 2529 1260 2587 melius
1296 2528 1619 2602 procedens
1647 2545 1819 2601 quam
1844 2529 1905 2586 in
1929 2526 2198 2586 familiari
2226 2541 2351 2583 ser-

357 2618 555 2675 mone,
607 2603 667 2660 in
728 2603 1016 2676 epistolis,
1065 2605 1126 2664 in
1177 2606 1563 2666 concionibus.
1642 2606 1735 2664 Ex
1782 2622 1895 2677 quo
1933 2603 2078 2661 illud
2119 2617 2352 2675 quoque
2406 2626 2413 2632 ·

356 2678 498 2737 mihi
545 2679 746 2739 videor
795 2681 1034 2754 pulchre
1085 2684 1450 2756 perspicere,
1500 2699 1603 2741 cur
1641 2699 1809 2741 nemo
1848 2687 2110 2740 veterum
2151 2696 2249 2738 eos
2289 2679 2353 2735 in

360 2756 738 2828 scriptoribus
765 2774 974 2831 prosae
1000 2765 1281 2832 numeret,
1309 2760 1408 2831 qui
1434 2758 1685 2818 nondum
1710 2759 1988 2831 portabili
2011 2756 2258 2816 materia
2283 2754 2360 2812 ad

361 2833 725 2892 scribendum
766 2835 858 2892 usi
899 2841 1082 2908 erant,
1122 2838 1209 2894 uti
1247 2838 1375 2910 ipse
1404 2835 1578 2895 Solon
1615 2837 1677 2893 in
1715 2836 1942 2907 legibus
1969 2836 2106 2892 suis.
2168 2832 2358 2890 Multo

360 2909 552 2968 minus
591 2912 652 2969 in
692 2911 845 2969 hunc
881 2928 1182 2971 numerum
1222 2914 1450 2972 admitti
1488 2913 1679 2986 potuit
1716 2911 2082 2985 Hipparchus
2121 2914 2362 2983 propter

360 2987 566 3046 breves
606 2988 924 3048 sententias
966 2995 1027 3047 et
1062 2997 1378 3063 praecepta
1403 3007 1641 3062 morum,
1683 3005 1832 3061 quae
1859 2989 1909 3046 is
1938 2990 2011 3048 '70
2036 2985 2161 3046 fere
2189 2985 2356 3044 annis

362 3069 496 3136 post
545 3064 809 3124 Solonem
858 3066 1106 3139 publicis
1154 3068 1537 3127 monumentis
1588 3064 1966 3145 insculpenda
2024 3062 2247 3123 curavit
2258 3060 2353 3133 3³).

537 3246 609 3312 ⁸⁵)
653 3245 785 3301 Noti
813 3214 1367 3317 ‘lnndpleaeofisspuaz
1407 3224 1534 3300 olim
1571 3244 1785 3314 quidem
1821 3259 1852 3297 e
1888 3242 2116 3323 Cornicis
2138 3282 2151 3308 ,
2180 3240 2361 3321 ‘hoodie

364 3314 421 3368 in
456 3314 662 3394 primis·
687 3332 756 3369 ex
790 3320 1011 3369 auctore
1047 3313 1310 3371 Platonici
1346 3313 1486 3367 Dial.
1525 3314 1618 3383 qui
1652 3309 2362 3433 ῌζρρατοὴυεέηεοτὲξέιιέἓ

363 3382 939 3520 lliilsmizsgriffiiffiffl}
954 3382 1314 3519 cssltltigssffctgo
1336 3381 1607 3519 xt’enzipoerte
1622 3381 2160 3517 {figgssamezig
2181 3446 2362 3513 legere

2468 2495 2544 2577 A<
