2734 4000
256 1244 383 1290 ,57

381 1314 392 1414 ἒ

1234 231 1588 284 -34-

413 377 639 449 longius
695 377 902 437 abesse
955 378 1255 437 concedes.
1333 379 1467 437 Non
1504 384 1697 436 movet
1733 393 1858 450 me,
1910 379 2065 451 quod
2114 378 2258 437 nihil
2297 384 2419 438 tam

410 455 708 526 antiquum
749 461 958 527 exstat,
999 457 1162 514 cuius
1203 455 1571 515 contentione
1609 471 1704 514 res
1733 455 2218 528 deprehendatur.
2276 456 2417 528 Quis

411 532 580 603 enim,
620 531 868 604 primum
908 532 1110 591 videns
1149 532 1413 591 adultum
1451 531 1737 591 hominem
1778 537 1838 591 et
1875 532 2108 605 integra
2132 534 2419 606 magnitu-

412 610 566 680 dine,
609 607 839 667 discere
880 610 1080 683 cupiat
1121 625 1194 668 ex
1231 610 1377 683 ipso,
1418 610 1575 681 quali
1614 625 1885 667 mensura
1923 607 2117 683 fuerit,
2159 625 2333 680 quum
2359 611 2421 668 in

410 684 708 744 cunabulis
750 687 944 744 esset?
986 686 1271 758 Quocirca
1308 692 1533 744 tantum
1573 685 1759 754 abest,
1801 692 1867 745 ut
1905 701 2035 745 cum
2073 687 2119 745 I.
2164 686 2231 746 Gr.
2274 686 2420 746 Vos-

411 761 581 832 si019)
635 763 846 821 ceteris
899 763 1277 836 scriptoribus
1321 763 1665 822 oblivionem
1706 768 1809 821 aut
1846 763 2233 836 ignorantiam
2273 763 2417 823 obii·

411 842 584 911 ciam,
627 839 780 910 quod
819 840 966 899 haec
1002 847 1124 900 tam
1163 840 1415 912 insignia
1451 845 1822 899 monumenta
1861 841 2187 914 scripturae
2226 846 2416 899 trans-

409 919 601 975 ierunt
640 916 888 989 silentio,
938 923 1006 975 ut
1044 919 1220 976 etiam
1271 934 1343 976 ex
1379 917 1491 976 hoc
1525 917 1653 988 ipso
1674 916 2053 976 dubitandum
2085 924 2303 991 putem,
2344 934 2419 975 an
2495 945 2499 948 -

410 993 744 1053 Herodotus
783 989 929 1052 illud
966 995 1244 1054 iudicium
1283 1010 1451 1052 suum
1493 992 1724 1053 Criticis
1760 1009 1902 1052 suae
1928 994 2177 1054 nationis
2207 994 2419 1066 proba-

410 1071 574 1128 verit.
654 1069 931 1142 Idemque
972 1071 1046 1129 de
1084 1071 1325 1142 reliquis
1365 1070 1855 1142 inscriptionibus,
1884 1086 2027 1142 quas
2056 1071 2317 1129 nonnulli
2344 1088 2416 1130 ex

413 1147 615 1206 eodem
656 1148 872 1220 templo
911 1148 1167 1221 produnt
1177 1146 1271 1220 ²⁰),
1319 1146 1691 1206 statuendum
1733 1163 1865 1205 esse
1904 1147 2171 1207 arbitror.

563 1224 752 1295 Igitur
789 1225 899 1283 hoc
937 1241 1110 1283 unum
1151 1225 1382 1283 videtur
1420 1229 1583 1282 recte
1623 1224 1817 1296 colligi
1856 1239 1928 1283 ex
1965 1224 2282 1296 Herodoto,
2317 1237 2418 1283 ‘ar-

415 1307 533 1359 tem
575 1301 866 1360 scribendi
892 1303 1007 1360 iam
1034 1301 1251 1360 dudum
1278 1307 1415 1361 ante
1442 1301 1603 1359 illum
1631 1300 1920 1373 cognitam
1947 1302 2417 1373 celebratamque

412 1375 591 1435 fuisse
609 1423 624 1450 ,
674 1385 740 1436 ut
790 1379 1006 1437 ultimis
1056 1378 1413 1451 temporibus
1465 1378 1751 1450 assignari
1803 1383 2018 1450 posset.
2113 1379 2240 1450 Quo
2290 1379 2418 1452 ipso

413 1455 637 1513 destrui
674 1460 846 1528 putes
886 1454 1122 1514 Woodii
1161 1456 1506 1528 opinionem.
1587 1456 1741 1513 Nam
1784 1454 1834 1513 si
1872 1453 2016 1512 illud
2057 1460 2176 1514 tam
2215 1456 2417 1527 paucis

414 1531 578 1589 annis
619 1537 755 1589 ante
794 1531 1157 1592 Herodotum
1194 1531 1322 1589 fieri
1361 1532 1668 1605 coepisset,
1721 1528 2176 1607 ἱστορικώτατος
2215 1537 2419 1591 auctor

413 1624 527 1666 non
566 1609 667 1681 ita,
709 1614 774 1666 ut
812 1605 969 1681 facit,
1010 1609 1369 1666 iudicaturus
1413 1613 1557 1666 erat.
1639 1607 1910 1666 Ceterum
1949 1624 2171 1681 vereor,
2212 1624 2285 1666 ne
2312 1608 2417 1667 tri-

414 1685 638 1743 tissima
676 1684 874 1744 fabula
914 1685 988 1744 de
1032 1685 1249 1744 Cadmo
1290 1683 1602 1744 referenda
1640 1686 1718 1743 sit
1755 1686 1947 1758 potius
1987 1685 2065 1742 ad
2104 1685 2417 1757 antiquita-

414 1767 532 1819 tem
572 1761 753 1835 ipsius
793 1763 1028 1835 inventi,
1070 1779 1243 1834 quam
1282 1762 1358 1820 ad
1399 1778 1529 1820 eum
1569 1767 1818 1819 tractum
1845 1762 2140 1834 temporis,
2181 1779 2294 1834 quo
2320 1779 2421 1821 no-

414 1839 548 1897 titia
588 1839 711 1898 eius
753 1839 831 1897 ad
876 1839 1132 1898 Graecos
1173 1840 1521 1912 pervenerit.
1588 1839 1748 1897 Talis
1790 1839 1940 1897 enim
1980 1839 2199 1897 inventi
2238 1855 2419 1911 vagus

415 1932 610 1974 rumor
648 1916 806 1974 haud
846 1916 1022 1974 dubie
1062 1916 1219 1989 apud
1257 1916 1387 1975 illos
1427 1915 1757 1989 praecurrit
1802 1921 2111 1974 accuratae
2148 1917 2419 1986 notitiae;

413 1993 562 2051 hanc
601 1994 774 2066 longo
814 1993 1121 2053 interiecto
1160 1993 1351 2067 spatio
1390 1992 1622 2052 rudium
1659 2009 1930 2052 manuum
1956 1993 2292 2066 imitamina,
2335 1999 2421 2052 at-

417 2086 527 2141 que
580 2070 727 2128 haec
777 2077 1069 2144 postremo
1133 2072 1390 2143 vulgaris
1453 2087 1591 2129 usus
1644 2076 1706 2129 et
1758 2071 2105 2143 conscriptio
2143 2071 2420 2131 librorum

415 2151 617 2204 secuta
657 2152 763 2206 est.
807 2146 863 2219 [ὃ
890 2142 1162 2245 Ἡρακλῇς
1200 2146 1234 2203 ὁ
1274 2143 1350 2215 ἐξ
1367 2145 1661 2225 Ἀλκμήνης
1701 2145 1798 2203 καὶ
1836 2145 1974 2211 Διὸς
2011 2141 2078 2225 ἦν
2111 2144 2221 2224 μὲν
2248 2180 2323 2190 -
2350 2142 2427 2215 ἐξ

416 2221 606 2319 ἀρχῆς
631 2256 706 2266 ——-
734 2222 978 2289 Ἀλκαῖος
1005 2242 1272 2300 τοονομα,
1311 2221 1605 2319 ὑπέδροιμε
1630 2219 1699 2281 δὲ
1726 2221 1828 2302 τὴν
1852 2218 1913 2281 Ἡ
1942 2221 2190 2289 ακλέους
2212 2242 2421 2301 προςη-
2439 2235 2532 2286 gf*

417 2320 613 2393 ropcav
663 2299 1027 2378 νομιζομένου
1077 2298 1235 2377 παρὰ
1284 2303 1405 2366 τοῖς
1454 2319 1589 2358 τοτε
1629 2299 1788 2358 θεοῦ.
1840 2299 1879 2357 ὅ
1918 2319 1981 2358 εν
2040 2299 2138 2357 καὶ
2187 2296 2252 2358 ἐν
2292 2304 2417 2364 ταῖς

424 2375 634 2456 θηβαις
695 2375 866 2451 λόγος
929 2368 1057 2456 ἔχει
1118 2376 1289 2434 πάλαι
1349 2375 1491 2436 ποτὲ
1538 2376 1646 2435 eiua
1686 2375 1848 2436 ιάντα
1899 2374 2037 2434 ἔδεον
2084 2372 2421 2454 Ἡρακλέους

417 2451 698 2532 εὑρῆσθαι
737 2451 940 2532 ἐπιγρα
1025 2475 1052 2513 ν
1093 2449 1309 2546 ἔχοντα
1332 2453 1578 2519 Ἀλκαῖος
1606 2398 2012 2533 Ἆῗιφιτρύωνος
2033 2449 2421 2534 Ἡρακλεῖχα-

411 2528 720 2609 ριστήριον.
764 2532 919 2591 Sext.
1017 2548 1181 2606 mpir.
1225 2538 1279 2605 9,
1321 2535 1482 2605 36.],

516 2616 887 2682 ὲέιψμῂςκξιωιι,
1297 2656 1310 2669 χ
1343 2684 1491 2758 XV

574 2822 686 2878 Hic
728 2839 841 2880 non
884 2822 1102 2894 dubito,
1146 2823 1282 2893 quin
1320 2821 1502 2881 futuri
1544 2823 1661 2880 sint
1696 2821 1883 2890 multi,
1924 2821 2023 2892 qui
2062 2822 2263 2878 talium
2289 2838 2420 2894 pro—
2487 2887 2492 2891 q

420 2915 719 2970 gressuum
774 2898 1249 2970 significationem
1308 2900 1415 2958 sub
1476 2899 1590 2957 illis
1654 2898 1976 2957 nominibus
2035 2898 2247 2970 latere,
2312 2913 2419 2955 nec

553 3065 624 3129 19)
661 3063 743 3116 De
780 3065 915 3116 Arte
953 3077 1172 3129 gramm.
1209 3060 1253 3127 I,
1294 3063 1373 3113 10.
1410 3075 1464 3126 p.
1502 3062 1585 3111 50.

554 3133 628 3198 2⁰)
662 3131 738 3185 Ut
772 3131 998 3184 Pausan.
1036 3129 1141 3195 IX,
1195 3132 1274 3182 11.
1344 3127 1569 3181 Illorum
1614 3140 1864 3178 versuum
1911 3124 2201 3178 novitatem
2254 3123 2417 3191 plane

416 3200 598 3268 prodit
635 3216 742 3253 una
777 3199 1074 3253 contractio
1110 3198 1303 3267 ἑαυτῷ.
1339 3195 1392 3249 Ν
1396 3210 1457 3248 ec
1493 3194 1765 3260 antiquius
1802 3198 1885 3245 est
1920 3193 2249 3260 epigramma
2285 3190 2420 3244 illud

417 3285 504 3338 ap.
542 3267 766 3322 Aristot.
802 3267 997 3333 Mirab.
1036 3268 1197 3319 Ausc.
1239 3269 1352 3319 145.
1428 3262 1516 3332 [cf.
1554 3263 1845 3315 Hermann.
1883 3260 1953 3314 ad
1983 3259 2147 3328 Orph.
2183 3276 2236 3328 p.
2273 3261 2414 3330 786.]

418 3340 508 3390 An
554 3337 713 3390 aliter
757 3333 1099 3388 iudicandum
1137 3334 1207 3387 sit
1243 3331 1310 3386 de
1346 3329 1783 3397 inscriptionibus
1818 3328 2044 3383 aliorum
2079 3328 2416 3407 templorum,

419 3420 554 3472 quas
588 3409 800 3457 veteres
834 3402 1033 3469 passim
1069 3401 1289 3455 tradunt
1325 3415 1394 3453 ex
1430 3399 1799 3466 antiquissima
1819 3402 2015 3463 aetate,
2053 3396 2143 3448 ahi
2166 3396 2414 3450 viderint.

418 3472 557 3525 Mihi
578 3471 794 3525 videtur
817 3470 873 3522 in
896 3476 1010 3524 toto
1032 3469 1137 3524 hoc
1160 3484 1356 3537 genere
1381 3467 1611 3536 primum
1636 3470 1823 3519 sancta
1844 3464 1993 3518 fraus
2017 3470 2260 3532 grassata
2283 3478 2416 3517 esse.
