2734 4000
273 401 462 460 minus
512 400 860 459 honoratum
902 400 1160 458 minusve
1199 400 1589 473 pertinacem,
1637 406 1740 460 aut
1780 399 2059 472 denique,
2107 415 2282 471 quum

271 483 532 537 veterem
557 477 705 536 iram
730 492 882 535 nova
911 477 1246 549 expulisset,
1268 477 1457 535 minus
1484 476 1789 549 insignem,
1818 492 2028 548 acrem,
2055 474 2279 545 fortem,

273 553 663 627 generosum?
713 552 807 611 An
847 559 912 612 tu
952 554 1157 611 mirum
1196 559 1388 626 putaS,
1430 558 1490 611 et
1514 569 1628 613 non
1668 560 1935 624 naturae,
1973 553 2079 612 sed
2118 554 2280 626 artis,

270 632 332 689 in
371 635 462 691 tot
500 630 714 703 mythis
754 629 911 688 illius
952 630 1092 688 belli
1131 647 1306 688 unum
1326 628 1525 702 fuisse,
1566 632 1666 702 qui
1685 631 2113 690 continuatione
2140 646 2279 702 qua-

270 707 406 766 dam
432 707 769 767 concinnum
797 712 858 766 et
882 707 1148 779 partibus
1174 708 1295 766 suis
1321 706 1645 766 absolutum
1667 707 1913 768 Carmen
1939 707 2276 766 exhiberet?
2350 744 2355 749 ·

268 784 456 856 Anne,
506 784 622 842 illis
662 784 975 855 concessiS,
1032 784 1305 857 opinaris,
1358 784 1539 843 multo
1580 784 1871 843 diversum
1910 801 2055 858 opus
2097 785 2280 843 exitu-

269 877 398 919 rum
436 859 635 933 fuisse,
678 861 908 919 etiamsi
948 866 1200 932 quatuor
1236 865 1449 934 poetae
1488 860 1665 919 telam
1676 861 2128 943 jacuissent?
2167 861 2279 919 Fe-

268 938 439 996 licem
479 937 640 996 dicas
680 938 977 1010 populum,
1020 942 1224 1011 utpote
1251 954 1591 1010 magnorum
1618 944 1916 1011 gestorum
1941 936 2278 997 fecundissi-

267 1031 445 1084 mum,
483 1015 578 1074 cui
625 1013 914 1073 Carmima
974 1030 1161 1088 prope
1201 1020 1409 1088 sponte
1447 1021 1777 1087 nascantur,
1844 1031 1994 1087 quae
2034 1015 2278 1074 aliorum

268 1092 612 1164 populorum
678 1091 1085 1150 intentissimis
1153 1091 1363 1150 studiis
1409 1096 1471 1149 et
1515 1091 1736 1151 artibus
1762 1109 1877 1151 non
1902 1092 2276 1165 proveniunt!

266 1168 489 1227 Rideas
527 1169 696 1227 licet:
740 1184 940 1226 verum
978 1168 1066 1226 ita
1105 1169 1277 1240 plura
1315 1173 1458 1227 nata
1483 1174 1617 1226 sunt
1641 1168 1873 1240 ingenio
1903 1169 2275 1240 Graecorum,

269 1244 479 1317 quibus
517 1243 779 1318 profecto
820 1260 1172 1317 careremus,
1215 1245 1328 1303 nisi
1365 1245 1451 1302 illi
1492 1246 1862 1304 exstitissent.

1088 1455 1453 1531 XXVIII.

418 1627 511 1685 De
540 1626 804 1700 Odyssea
841 1629 1028 1687 maior
1058 1632 1147 1686 est
1172 1626 1461 1687 dubitatio
1491 1634 1552 1687 et
1619 1628 1852 1701 ropriae
1881 1645 2074 1687 curae.
2140 1628 2272 1689 Non

260 1705 401 1777 quia
427 1705 619 1763 omnia
646 1705 706 1762 in
732 1706 834 1763 illa
860 1704 938 1765 ad
965 1704 1217 1763 reditum
1247 1703 1474 1776 Ulyssis
1502 1721 1568 1763 re
1596 1711 1864 1764 eruntur:
1927 1706 2055 1777 quis
2082 1705 2144 1763 id
2171 1708 2276 1764 mi·
2304 1726 2309 1733 ¹

262 1787 433 1840 retur
457 1781 517 1838 in
543 1778 787 1850 ἀοιδαῖς,
827 1798 978 1854 quae
1007 1786 1297 1840 errantem
1326 1787 1385 1839 et
1411 1782 1661 1854 patriam
1687 1788 2064 1853 quaerentem
2093 1788 2153 1841 et
2181 1799 2272 1841 re-

262 1858 477 1916 ducem
495 1857 766 1930 Ulyssem
786 1859 1158 1932 proponunt?
1199 1856 1304 1915 sed
1324 1858 1480 1929 quod
1500 1858 1829 1931 Penelopae
1852 1865 1912 1918 et
1933 1859 2269 1918 Telemachi

263 1933 500 1995 fortuna
519 1934 991 2009 domesticaeque
1011 1935 1374 1993 calamitates
1399 1935 1592 1995 herois
1612 1952 1868 2009 congrua
1886 1936 2114 1994 ratione
2132 1942 2276 1995 tem-

265 2029 473 2086 porum
512 2029 584 2071 ac
623 2018 827 2073 tenore
865 2030 1062 2090 rerum
1100 2014 1185 2070 sic
1223 2013 1539 2085 iunguntur
1578 2029 1707 2072 cum
1748 2014 2000 2073 externis
2041 2014 2273 2073 casibus

256 2090 401 2162 eius,
443 2095 509 2148 ut
547 2090 745 2148 statim
772 2107 809 2149 a
845 2090 1043 2148 limine
1087 2090 1146 2146 in
1186 2089 1411 2148 medias
1459 2106 1557 2148 res
1598 2091 1880 2149 abstracti
1920 2107 2151 2164 semper
2197 2090 2274 2149 ad
2301 2101 2376 2141 121

250 2166 471 2225 exitum
509 2164 866 2240 festinemus,
907 2172 1087 2238 atque
1126 2166 1469 2226 redeuntem
1509 2183 1640 2225 eum
1679 2172 1742 2225 et
1779 2167 1974 2239 quiete
1998 2173 2133 2240 post
2185 2174 2274 2228 tot

243 2243 454 2303 abores
498 2244 823 2303 exantlatos
890 2250 1224 2317 pacatoque
1262 2259 1446 2315 regno
1484 2240 1773 2302 fruentem
1819 2245 2068 2309 maxima
2094 2245 2273 2303 animi

249 2319 640 2379 sollicitudine
679 2320 878 2380 videre
921 2321 1243 2394 cupiamus.
1303 2319 1476 2379 Unde
1514 2318 1594 2389 fit,
1636 2326 1702 2379 ut
1729 2320 2049 2393 Odysseam
2076 2337 2265 2393 nemo,

246 2397 347 2455 cui
386 2397 615 2456 omnino
654 2399 880 2470 priscus
919 2404 1091 2456 vates
1131 2398 1383 2469 placeat,
1423 2397 1537 2455 nisi
1562 2397 1878 2470 perlectam
1909 2414 1940 2456 e
1965 2414 2140 2456 manu
2171 2398 2269 2457 de-

249 2489 472 2547 ponere
513 2480 706 2545 queat.
773 2474 855 2532 At
893 2474 997 2532 illa
1043 2491 1139 2532 ars
1179 2473 1241 2531 id
1280 2474 1469 2547 ipsum
1511 2479 1618 2546 est,
1660 2474 1814 2546 quod
1854 2475 1950 2533 vix
1977 2491 2048 2533 ac
2072 2491 2146 2534 ne
2175 2476 2272 2534 vix

249 2549 489 2622 quidem
528 2550 740 2609 cadere
778 2551 1011 2610 videtur
1055 2551 1114 2608 in
1134 2557 1344 2623 vatem,
1387 2551 1642 2624 singulas
1669 2556 1896 2611 tantum
1923 2552 2268 2624 rhapsodias

250 2627 681 2700 decantantem,
709 2629 924 2701 quippe
952 2628 1075 2700 qui,
1104 2633 1169 2686 ut
1194 2628 1272 2686 ad
1291 2628 1703 2699 cogitationem
1722 2629 1856 2687 talis
1878 2629 2020 2687 artis
2045 2630 2270 2703 accingi

250 2704 563 2778 potuisset,
604 2706 697 2763 vel
735 2705 892 2778 apud
935 2705 1419 2777 exquisitissimos
1447 2704 1746 2764 auditores
1774 2705 2055 2777 Aspendii
2083 2707 2268 2765 citha-

249 2781 437 2839 ristae
476 2780 646 2840 modo
686 2782 840 2839 intus
883 2786 1224 2841 cantaturus
1265 2779 1488 2840 fuisset.
1570 2782 1759 2854 Igitur
1785 2781 2118 2841 Telemachi
2155 2784 2269 2843 iter

249 2856 331 2916 ad
369 2857 679 2916 Nestorem
731 2863 792 2916 et
828 2858 1183 2930 Menelaum,
1236 2858 1467 2930 Ulyssis
1509 2874 1774 2917 secessus
1815 2859 1875 2917 in
1918 2858 2146 2932 Ogygia
2184 2861 2269 2917 in-

252 2934 407 3005 sula,
454 2932 594 2992 item
632 2935 1086 3007 pulcherrimum
1129 2934 1393 3007 Carmen,
1444 2936 1504 2993 in
1544 2952 1657 3006 quo
1698 2951 1925 2995 errores
1964 2938 2091 3009 ipse
2133 2953 2266 2996 suos

249 3010 615 3070 Phaeacibus
663 3010 986 3070 denarrans
1030 3011 1339 3084 inducitur,
1390 3011 1708 3083 eodemque
1751 3012 1922 3072 modo
1964 3013 2140 3071 etiam
2178 3030 2268 3071 re·

248 3087 430 3159 liqua,
467 3087 524 3146 h.
568 3103 619 3146 e.
661 3104 921 3147 seorsum
981 3095 1043 3148 et
1082 3088 1240 3146 nulla
1280 3088 1643 3161 spectatione
1682 3089 1990 3148 universae
2028 3088 2265 3159 formae,

246 3163 324 3223 ab
365 3163 619 3224 Homero
661 3166 981 3238 composita
1021 3166 1209 3224 videri
1235 3170 1498 3238 possunt,
1537 3164 1749 3237 diuque
1779 3165 2090 3225 decantata
2118 3183 2264 3240 esse,

252 3241 593 3314 priusquam
654 3242 864 3314 aliquis
924 3242 1194 3316 politiore
1261 3247 1321 3300 et
1374 3241 1795 3301 abundantiore
1849 3243 2070 3302 artibus
2122 3260 2265 3304 aevo

248 3317 772 3391 animadverteret,
830 3334 902 3377 ea
951 3320 1153 3392 paucis
1193 3318 1552 3391 recidendiS,
1608 3319 1920 3393 addendiS,
1975 3320 2264 3379 mutandis

256 3393 335 3453 ad
374 3396 831 3467 perpetuitatem
858 3396 1027 3455 unius
1053 3396 1248 3468 magni
1276 3396 1535 3468 corporis
1564 3395 1826 3466 redacta,
1864 3414 2071 3458 novum
2098 3398 2265 3469 quasi

254 3476 318 3530 et
357 3470 673 3544 perfectius
716 3471 1193 3546 splendidiusque
1230 3478 1658 3531 monumentum
1696 3471 1837 3532 fore.
