2734 4000
299 408 714 486 propositossss),
768 407 844 467 ad
900 409 1086 468 levem
1134 415 1437 481 quaestum
1489 409 1740 468 deducta
1780 409 1996 468 eviluit.
2077 411 2290 470 Verum

299 488 411 546 hoc
448 487 624 544 alias:
665 502 815 544 nunc
851 487 996 544 illud
1036 503 1398 559 quaeramus,
1440 491 1632 545 utrum
1673 502 1743 544 ex
1779 487 1927 546 libro
1969 503 2043 545 an
2080 503 2290 547 memo-

300 564 446 621 riter
500 563 810 622 cecinerint
859 564 1162 637 rhapsodi‚
1215 569 1275 622 et
1324 564 1482 634 quali
1530 563 1936 623 discendorum
1977 562 2303 623 Carminum

302 640 473 699 inodo
521 641 614 697 usi
652 640 791 713 sint,
832 640 1060 712 quando
1107 640 1254 699 libro
1302 657 1419 699 non
1456 640 1754 699 haberent.
1818 641 1945 712 Qua
1971 643 2031 699 in
2050 657 2115 700 re
2143 658 2308 700 nemo

302 717 413 775 nisi
451 717 666 775 veteris
706 716 989 776 Graeciae
1027 718 1198 791 plane
1238 718 1451 789 hospes
1492 717 1735 789 dubitet,
1776 719 1914 788 quin
1952 718 2038 775 illi
2076 734 2297 777 memo-

301 795 448 853 riter
497 795 1002 866 pronunciaverint
1040 795 1259 854 omnia:
1324 797 1411 852 ita
1456 795 1573 853 iam
1610 791 1871 853 fecerant
1908 795 2085 868 prisci
2124 800 2257 853 vate
2281 812 2307 853 s

304 887 520 943 omneS‚
559 871 734 929 trium
770 870 1090 944 Musarum,
1132 867 1406 950 Μελέτης.
1458 868 1707 949 Μνήμης,
1754 864 1977 950 Ἆοιδῆς,
2015 872 2264 931 cultores
2292 890 2306 943 3

306 949 443 1020 quin
483 947 671 1006 adhuc
710 948 965 1007 Socratis
1014 953 1236 1021 aetate,
1289 965 1464 1020 quum
1514 949 1732 1021 scripta
1775 949 2128 1021 exemplaria
2166 948 2283 1007 Ho·
2340 957 2418 995 101

304 1025 449 1083 meri
489 1041 525 1082 a
562 1025 866 1097 rhapsodis
924 1027 1167 1085 maxime
1207 1024 1796 1098 conquirerentur69),
1845 1027 1975 1098 ipsa
2021 1025 2287 1083 recitatio

304 1118 418 1160 non
459 1107 551 1159 est
586 1100 742 1160 facta
781 1101 855 1161 de
895 1104 1112 1176 scripto
1126 1102 1219 1174 ⁷⁰).

460 1178 669 1251 Stupes
710 1177 957 1238 fortasse
998 1179 1073 1238 ad
1112 1185 1333 1239 tantam
1360 1180 1743 1253 capacitatem
1769 1180 2096 1250 memoriae,
2137 1194 2285 1249 quae

304 1260 489 1314 totum
528 1255 843 1314 Homerum
881 1258 1184 1330 complecti
1221 1257 1515 1330 potuerit?
1553 1255 1701 1315 Mihi
1741 1271 1878 1315 vero
1904 1255 1964 1313 id
1993 1256 2167 1313 etiam
2193 1272 2294 1328 pa-

304 1349 431 1389 rum
471 1331 729 1405 videtur,
766 1334 1071 1405 multoque
1111 1334 1279 1406 plura
1316 1349 1718 1406 nonnunquam
1758 1334 1936 1392 bonos
1973 1332 2295 1405 rhapsodos

305 1409 563 1467 tenuisse
603 1410 880 1482 suspicor.
960 1411 1195 1469 Etenim
1244 1412 1296 1468 si
1344 1411 1521 1469 etiam
1571 1415 1720 1482 tum,
1774 1425 1949 1481 quum
1988 1409 2287 1481 multiplex

307 1485 588 1559 doctrina,
627 1487 704 1545 ad
730 1487 1035 1546 lectionem
1074 1487 1351 1546 librorum
1377 1492 1666 1559 revocata,
1707 1487 2170 1557 cultissimaeque
2210 1486 2290 1544 vi-

307 1567 404 1621 tae
444 1564 679 1634 negotia
717 1562 1038 1622 obruebant
1062 1565 1413 1636 memoriam,
1452 1564 1696 1623 Athenis
1720 1562 1955 1622 fuerunt
1979 1562 2299 1633 liberaliter

309 1638 580 1713 educati„
600 1641 697 1712 qui
735 1641 1060 1699 universam
1086 1641 1275 1700 Iliada
1302 1647 1362 1700 et
1384 1640 1701 1714 Odysseam
1726 1647 1995 1700 tenerent
2006 1639 2109 1712 ⁷1);
2149 1639 2289 1711 quid

309 1717 555 1789 ambigis
596 1717 668 1775 de
708 1718 779 1775 iis
818 1717 1158 1790 hominibus,
1199 1719 1298 1790 qui
1336 1718 1396 1775 in
1434 1719 1541 1776 tali
1579 1734 1644 1776 re
1685 1718 1917 1777 assidue
1957 1733 2194 1790 operam
2220 1717 2302 1787 lo-

309 1794 543 1871 cabant,
582 1799 642 1852 et
677 1795 790 1851 illis
828 1795 886 1851 in
913 1796 1178 1867 saecum,
1220 1795 1319 1853 ubi
1345 1795 1576 1854 brevior
1601 1795 1755 1854 orbis
1784 1794 2188 1853 discendorum
2217 1793 2301 1850 in-

311 1866 496 1943 g—e'fflis
524 1871 689 1942 quasi
715 1871 1061 1929 vacuitatem
1088 1871 1283 1945 dabat,
1312 1872 1748 1945 sapientiaeque
1787 1870 1940 1930 fama
1972 1872 2144 1942 longe
2170 1870 2300 1928 aliis

189 1989 198 1996 -
310 1947 518 2006 studiis
557 1947 912 2020 parabatur?
955 1948 1144 2021 Quid?
1184 1949 1353 2009 Plato
1364 1947 1438 2022 ⁷2)
1479 1948 1710 2021 quidem
1745 1952 1919 2021 atque
1948 1949 2047 2007 alii
2072 1952 2298 2007 veteres
2341 1959 2420 2001 ιον

307 2025 633 2099 philosophi
660 2021 1076 2099 fifflicaverunt,
1117 2027 1266 2085 hanc
1289 2025 1626 2085 facultatem
1653 2027 1826 2086 animi
1851 2026 2035 2085 nostri
2059 2025 2299 2083 metien-

209 2107 214 2112 '
295 2101 443 2175 ‘dam
469 2118 583 2161 non
610 2118 737 2161 esse
765 2119 963 2163 eorum
988 2108 1309 2176 temporum
1335 2104 1585 2176 modulo,
1625 2120 1799 2175 quum
1823 2108 2139 2176 apparatus
2166 2101 2297 2159 sub-

309 2177 586 2237 sidiorum
610 2180 763 2237 illius
792 2181 1075 2239 culturam
1099 2181 1434 2254 impediret3
1474 2181 1735 2239 inventas
1761 2180 1987 2239 litteras
2013 2177 2297 2252 profuisse

312 2254 659 2329 discipliniS‚
710 2256 814 2315 sed
854 2254 1108 2316 obfuisse
1148 2258 1523 2330 discentibuS,
1563 2257 1710 2316 adeo
1759 2262 1824 2315 ut
1863 2271 2010 2329 quae
2050 2256 2303 2313 inventio

309 2330 665 2390 medicamen
703 2334 1016 2393 memoriae
1056 2334 1214 2394 dicta
1255 2340 1429 2408 esset,
1471 2334 1674 2393 eadem
1712 2350 1826 2393 non
1851 2332 2135 2391 immerito
2160 2348 2317 2391 noxa

447 2545 519 2611 68)
553 2545 613 2598 I0
650 2562 735 2613 ap.
771 2544 907 2598 Plat.
952 2561 1006 2613 p.
1037 2550 1155 2601 535.
1191 2546 1258 2599 Ε.
1327 2544 1440 2599 ’Edu
1488 2546 1586 2609 μὲν
1632 2544 1915 2605 κλαίοντας
1959 2544 2151 2604 αὐτοὺς
2202 2563 2309 2596 κα·

309 2613 476 2682 δίσω,
525 2614 687 2674 αὐτὸς
718 2614 1045 2682 γελάσομαι,
1098 2615 1362 2684 ἀργύριον
1403 2614 1725 2678 λαμβάνων
1764 2613 1858 2665 ἐὰν
1896 2614 1961 2665 δὲ
1993 2614 2308 2682 γελῶντας,

221 2717 232 2726 ·
312 2682 474 2741 αὐτὸς
507 2682 822 2746 κλαύσομαι,
859 2681 1125 2751 ἀργύριον
1166 2683 1419 2742 ἀπολλός.

450 2768 518 2834 ⁶9)
554 2768 802 2837 Xenoph.
837 2767 913 2822 M.
954 2767 1005 2823 S.
1042 2766 1135 2836 IV,
1170 2771 1221 2836 2,
1261 2772 1339 2822 10.

449 2855 516 2920 ⁷⁰)
550 2854 773 2921 Ineptus
807 2852 996 2906 videor
1027 2853 1159 2906 mihi
1192 2853 1325 2921 ipse,
1359 2853 1454 2921 qui
1488 2853 1619 2907 talia
1653 2852 1887 2906 doceam.
1947 2850 2051 2906 Sed
2075 2866 2142 2904 ne
2165 2850 2296 2904 illud

311 2921 525 2988 quidem
560 2921 792 2975 assecuti
828 2927 951 2974 sunt
985 2921 1165 2988 multi;
1188 2922 1347 2975 immo
1386 2938 1454 2975 ex
1471 2920 1708 2975 Platonis
1725 2920 1854 2974 Ione
1878 2918 2140 2988 opinionis
2165 2934 2293 2997 suae

307 2988 635 3058 praesidium
671 2995 973 3058 captarunt,
1025 2989 1119 3043 ubi
1153 2995 1335 3043 tamen
1369 2988 1639 3057 rhapsodo
1673 2987 1901 3042 maxime
1936 3002 2295 3040 necessanum

310 3072 429 3112 esse
463 3057 662 3111 dicitur
693 3060 934 3110 memoria
966 3060 1136 3111 valere
1168 3074 1222 3126 p.
1247 3062 1349 3113 539
1390 3057 1475 3125 E„
1512 3057 1750 3124 nihilque
1781 3054 1926 3109 aliud
1955 3055 2109 3123 inest,
2146 3053 2288 3122 quod

309 3124 381 3180 ad
415 3140 571 3179 usum
615 3126 1000 3194 exemplarium
1037 3131 1259 3194 spectet.
1331 3126 1578 3194 Denique
1613 3124 1779 3192 adde,
1827 3122 1971 3192 quod
2004 3123 2061 3175 in
2095 3122 2287 3188 verbis,

309 3193 504 3273 quibus
537 3193 925 3262 rhapsodorum
960 3194 1206 3249 recitatio
1230 3200 1466 3263 notatur,
1501 3193 1704 3247 nullum
1722 3198 1820 3260 est,
1856 3190 2001 3259 quod
2022 3189 2148 3242 illuc
2170 3205 2291 3256 per-

308 3268 495 3316 tlneat.
563 3261 763 3315 Dicunt
797 3262 993 3317 Graeci
1028 3261 1094 3317 de
1133 3278 1198 3316 ea
1231 3262 1404 3329 ἔδειν,
1449 3263 1702 3330 ψάλλειν,
1737 3260 2039 3329 μελῳδεῖν,
2083 3274 2290 3325 μνημο-

311 3330 504 3394 νεύειν,
543 3329 916 3400 ἀπαγγέλλειν,
954 3319 1269 3397 ὃιατιθέναι,
1318 3331 1528 3395 Similia,
1573 3344 1834 3407 nusquam
1868 3325 2284 3400 ἀναζιζνώσκειν

309 3405 404 3468 aut
438 3398 823 3467 ἀναᾶέζεωὲᾳι.

454 3485 525 3552 ⁷¹)
560 3483 807 3553 Xenoph.
846 3483 1088 3554 Sympos.
1126 3486 1227 3554 ΠΙ,
1262 3490 1311 3540 5.
1454 3485 1523 3553 72)
1557 3485 1621 3538 In
1656 3482 1900 3538 Phaedro
1937 3496 1990 3549 p.
2026 3483 2144 3536 274.
2178 3479 2243 3534 Ε.
