2734 4000
1182 183 1535 236 -26-

512 336 863 407 Neutiquam
902 333 1058 407 apud
1085 347 1300 403 omneS,
1340 331 1503 388 aiunt
1523 329 1729 401 aliqui3
1772 333 1833 386 et
1854 326 2026 388 facile
2053 330 2357 391 credimus.

359 413 628 474 Nondum
669 412 819 470 enim
858 427 1095 485 prorsus
1136 410 1324 468 eiecta
1363 412 1424 465 et
1453 408 1690 480 explosa
1717 412 1807 465 est
1834 421 2031 465 eorum
2059 408 2231 481 ratio,
2260 411 2360 480 qui

360 492 672 550 Homerum
714 494 775 547 et
814 487 1223 548 Callimachum
1274 485 1680 557 etVirgilium
1722 489 1783 542 et
1819 483 2086 542 Nonnum
2127 490 2188 543 et
2223 485 2360 544 Mil-

361 574 559 627 tonum
610 565 812 625 eodem
852 566 1041 624 animo
1081 565 1300 636 legunt,
1349 577 1475 634 nec,
1526 560 1664 633 quid
1704 560 2152 633 uniuscuiusque
2192 568 2359 623 aetas

360 643 530 716 ferat,
572 643 897 717 expendere
936 641 1182 714 legendo
1224 645 1285 698 et
1322 644 1657 712 computare
1696 638 1980 696 laborant.
2032 638 2362 699 Reimman-

362 738 564 780 norum
603 719 834 792 quidem
874 734 1058 791 nugas
1084 717 1281 776 rident
1304 718 1427 786 isti,
1466 715 1570 774 sed
1596 715 1774 774 iidem
1794 716 2116 786 aegerrime
2141 714 2355 790 ferunt,

363 798 535 857 deum
573 802 874 870 poetarum
912 795 1116 854 rudem
1153 792 1330 852 fuisse
1372 793 1532 851 credi
1557 793 1619 849 in
1645 793 1789 865 ipsis
1818 791 2117 851 elementis
2146 793 2358 853 doctri-

362 892 585 946 narum,
625 891 766 946 quas
807 874 905 944 qui
944 877 1141 931 nostro
1181 878 1443 943 tempore
1483 886 1665 943 prope
1704 874 1941 928 cunctas
1970 871 2355 943 complectun-

363 960 487 1023 tur,
536 950 750 1009 Iliadas
802 956 996 1008 tamen
1044 964 1301 1022 pangere
1348 964 1464 1007 non
1513 946 1745 1006 audent.
1826 943 2088 1005 Tantone
2126 947 2359 1020 ingenio

366 1035 431 1088 ut
470 1028 718 1100 denique
757 1043 886 1085 cum
923 1027 1066 1099 ipsis
1102 1026 1218 1084 illis
1260 1025 1560 1083 elementis
1601 1023 1931 1082 adimantur
1970 1039 2059 1095 ea,

523 1122 685 1195 Quae
723 1137 875 1178 nunc
913 1121 1176 1193 suspensi
1215 1120 1382 1192 pueri
1420 1120 1801 1177 instrumenta
1838 1118 2059 1177 lacerto

520 1199 719 1258 Ludos
759 1197 1057 1256 incedunt!

289 1312 338 1349 44
374 1294 491 1353 Sed
530 1295 663 1353 nolo
701 1292 946 1351 irridere
988 1308 1117 1364 eOS,
1167 1308 1309 1363 quos
1350 1271 1639 1349 dedocere
1676 1291 1786 1350 hoc
1823 1292 1950 1351 loco
1989 1291 2240 1350 alienum
2279 1297 2370 1350 est

371 1378 431 1430 et
469 1388 672 1445 parum
712 1369 1052 1429 modestum.
1111 1369 1261 1427 Nam
1301 1374 1436 1426 sunt
1473 1369 1533 1425 in
1571 1368 1644 1428 iis
1683 1367 1941 1427 homines
1984 1369 2208 1428 Graece
2248 1368 2365 1428 La-

370 1449 606 1519 tineque
648 1446 983 1508 doctissimi.
1050 1445 1131 1503 At
1167 1445 1310 1503 illud
1349 1445 1490 1503 mihi
1528 1445 1765 1503 concedi
1804 1451 1946 1518 puto
1985 1462 2020 1505 a
2058 1446 2369 1519 plerisque,

358 1527 426 1582 ‘in
465 1525 708 1584 scientia
747 1524 979 1596 linguae
1021 1522 1282 1581 Graecae
1320 1539 1435 1582 non
1475 1538 1641 1581 omne
1681 1521 2037 1594 praesidium
2065 1525 2256 1582 inesse
2283 1524 2360 1582 ad

371 1601 640 1661 Carmina
693 1602 928 1659 ultimae
978 1600 1284 1658 vetustatis
1338 1615 1411 1673 ex
1458 1598 1652 1658 indole
1694 1605 1753 1656 et
1791 1600 2023 1672 ingenio
2063 1606 2365 1660 auctorum

368 1678 764 1751 intelligenda.
805 1677 996 1748 Atque
1022 1676 1131 1735 hac
1158 1675 1544 1749 intelligentia
1571 1677 1669 1748 qui
1699 1683 1916 1749 carent,
1957 1693 2055 1736 eos
2082 1678 2209 1736 iure
2235 1692 2365 1736 meo

368 1756 567 1814 reiicio
607 1756 827 1813 iudices
869 1754 927 1811 in
965 1753 1055 1812 his
1096 1752 1375 1824 omnibus,
1418 1768 1567 1824 quae
1610 1752 1683 1811 de
1711 1753 1936 1812 ratione
1964 1754 2193 1814 illorum
2219 1760 2362 1812 tem-

369 1849 570 1906 porum
620 1830 878 1890 dicturus
931 1847 1072 1889 sum.
1157 1829 1426 1889 Ceterum
1465 1829 1633 1902 mihi,
1689 1845 1859 1902 spero
1901 1830 2086 1888 minus
2128 1847 2361 1889 succen·
2385 1837 2479 1876 cs.-

371 1909 602 1982 sebunt,
655 1908 729 1967 ab
782 1908 1036 1967 Homero
1094 1923 1206 1966 non
1247 1913 1364 1964 tam
1407 1907 1790 1979 cognitionem
1829 1907 2153 1966 litterarum
2194 1904 2367 1980 quam

369 2004 536 2045 usum
598 1990 658 2045 et
705 1984 1037 2045 facultatem
1097 1984 1470 2044 abiudicanti.
1558 1983 1669 2043 Est
1728 1984 1786 2043 in
1839 2001 1911 2044 ea
1959 2001 2024 2044 re
2074 1984 2368 2058 quiddam,

374 2063 526 2136 quod
567 2063 642 2122 ad
682 2080 886 2123 novam
924 2062 1154 2121 laudem
1195 2063 1447 2121 trahant.
1514 2061 1800 2120 Nimirum
1838 2066 2001 2122 tanto
2042 2063 2228 2135 magis
2271 2063 2371 2121 ad-

370 2142 645 2198 miramur
683 2146 910 2200 veteres
949 2139 1334 2212 navigatoreS,
1379 2137 1532 2211 quod
1574 2139 1703 2198 illos
1745 2155 1945 2197 cursus
1987 2155 2119 2198 suos
2160 2155 2369 2212 regere

371 2224 684 2290 potuerunt
710 2219 833 2276 sine
859 2216 1072 2294 PQe
1103 2217 1367 2286 nautica3
1408 2231 1516 2273 nec
1542 2211 1786 2275 forsitan
1813 2216 1965 2275 omni
2004 2216 2175 2276 militi
2196 2215 2369 2276 hodie

372 2294 650 2353 credibile
689 2293 783 2363 fit,
834 2299 969 2352 ante
1008 2294 1262 2366 pulveris
1302 2292 1504 2351 nitrati
1543 2294 1932 2352 inventionem
1970 2292 2367 2351 Alexandrum

371 2372 462 2429 vel
505 2370 815 2430 Caesarem
852 2376 1044 2429 tantas
1084 2386 1179 2428 res
1222 2371 1439 2443 egisse,
1488 2376 1578 2429 tot
1616 2371 2028 2429 munitissimas
2067 2370 2240 2428 urbes
2279 2386 2373 2428 ce·

371 2449 543 2522 pisse.
625 2448 899 2507 Attamen
936 2447 1265 2506 habuerunt
1301 2447 1404 2518 illi,
1455 2446 1608 2519 quod
1650 2447 1904 2519 pulveris
1943 2446 2145 2505 nitrati
2184 2447 2367 2504 vicem

373 2526 514 2584 satis
554 2524 746 2584 valide
775 2525 1052 2598 expleret.
1097 2523 1323 2596 Quanto
1351 2524 1750 2583 admirabilius
1779 2524 1892 2582 erit
1909 2521 2088 2581 fuisse
2114 2527 2365 2596 poetam,

372 2603 470 2674 qui
520 2618 646 2660 eam
695 2607 907 2673 artem,
966 2601 1089 2659 sine
1158 2617 1273 2673 qua
1322 2602 1543 2660 nullum
1593 2601 1789 2674 paullo
1840 2601 2068 2673 longius
2121 2600 2366 2659 Carmen

371 2679 640 2737 videatur
680 2677 915 2738 confieri
954 2694 1159 2751 posse,
1211 2694 1385 2749 quum
1425 2679 1657 2751 cognita
1698 2683 1878 2747 esset,
1929 2693 2003 2735 ne
2043 2675 2378 2735 discendam

374 2755 607 2828 quidem
646 2756 760 2815 sibi
796 2771 905 2813 nec
945 2756 1333 2814 necessariam
1374 2754 1635 2814 duxerit!

527 2832 777 2905 Etenim,
817 2837 885 2890 ut
926 2833 1078 2892 serio
1118 2848 1239 2890 rem
1281 2832 1612 2905 aggrediar,
1654 2832 1711 2889 in
1750 2830 1984 2891 Woodii
2023 2830 2377 2903 argumentis

372 2909 554 2967 multa
594 2914 728 2967 sunt
764 2907 1004 2982 infirma,
1044 2910 1224 2968 multa
1262 2908 1472 2983 cupide
1513 2909 1795 2981 quaesita.
1874 2907 2353 2980 Philosophorum

334 2949 348 3060 1
376 2986 549 3044 etiam
591 2986 666 3044 ad
708 2985 1006 3045 Socratem
1031 3002 1214 3059 usque
1254 2986 1409 3060 apud
1442 2990 1669 3044 veteres
1708 2991 1897 3060 pauca
1924 2985 2143 3061 scripta
2171 2984 2378 3043 consti·

340 3063 345 3078 '
374 3063 516 3121 tisse
557 3063 667 3134 ait3
708 3064 768 3120 in
806 3064 932 3135 ipso
958 3062 1211 3123 Homero
1251 3063 1586 3121 memoriam
1627 3060 1770 3121 ferri
1809 3061 2036 3120 unicam
2076 3059 2372 3120 custodem

374 3154 593 3212 rerum3
648 3139 890 3199 eandem
928 3139 1228 3198 Musarum
1275 3147 1554 3211 matrem;
1603 3141 1762 3212 ipsas
1811 3138 2014 3197 Musas
2067 3138 2371 3197 cantrices.

297 3237 348 3276 45
379 3215 558 3287 Quasi
608 3233 745 3277 vero
805 3217 924 3276 vati
970 3217 1230 3276 licuisset
1285 3214 1513 3276 fabulas
1556 3215 1843 3289 refingere
1884 3216 2063 3275 semel
2102 3219 2372 3287 receptas

373 3290 763 3367 firmatasque,
805 3299 907 3353 aut
943 3298 1150 3367 postea
1188 3294 1490 3366 quisquam
1532 3309 1749 3365 eorum,
1791 3293 1889 3364 qui
1929 3309 2151 3365 papyro
2194 3297 2255 3349 et
2280 3307 2376 3348 ca-

373 3371 525 3429 lamo
564 3372 655 3429 usi
696 3377 845 3443 sunt,
885 3388 992 3445 pro
1030 3370 1412 3443 Mnemosyne
1451 3387 1657 3430 novam
1697 3367 2090 3443 papyriferam
2118 3368 2286 3427 deam
2314 3367 2406 3424 in*

379 3445 624 3505 Carmen
650 3446 986 3508 induxisset.
1026 3446 1271 3506 Manent
1295 3448 1458 3521 talia,
1487 3448 1598 3506 etsi
1626 3463 1722 3505 res
1751 3452 1811 3506 et
1836 3461 2026 3506 mores
2048 3449 2371 3515 mutantur3
