2734 4000
1226 232 1298 245 -—
1357 200 1579 261 107—

392 354 772 415 obscurasset
811 355 1116 426 insequens
1156 369 1386 427 aevum,
1437 353 1804 414 obscuratum
1853 353 2066 412 deinde
2106 359 2166 413 et
2202 354 2390 427 ipsum

391 433 591 490 multis
658 431 863 491 modis.
970 430 1246 490 Attamen
1276 436 1440 489 -ante
1503 431 1860 491 Zenodotum
1926 436 2057 491 octo
2122 431 2389 490 diversae

395 509 717 581 scripturae
771 509 1034 581 exempla
1048 552 1064 580 ,
1115 508 1327 567 Graeci
1376 505 1727 584 διορθώσεις
1774 513 2007 579 vocant,
2056 509 2390 567 nominatim

398 584 475 644 ad
511 602 616 645 nos
657 585 886 658 perlata
924 585 1073 644 sunt.
1153 585 1321 644 Duae
1358 585 1563 643 harum
1603 581 1981 661 διορθώσεων
2020 586 2250 644 nomina
2290 601 2390 657 ge-

393 667 530 720 runt
568 662 1071 721 celeberrimorum
1096 662 1364 734 virorum,
1405 662 1753 734 Antimachi,
1796 661 2135 735 Colophonii
2160 667 2393 734 poetae,

397 746 458 797 et
493 739 844 811 AristoteIiS,
884 740 1045 797 cuius
1084 739 1380 811 ingenium
1419 737 1583 797 ferax
1619 738 1955 798 beatissima
1993 754 2186 797 rerum
2213 740 2395 798 maxi-

253 808 264 819 ’
310 838 317 841 ·
394 832 616 874 marum
669 816 839 888 copia
888 816 1105 874 nullum
1154 817 1550 875 venustiorum
1588 815 1889 874 Musarum
1927 833 2071 888 opus
2112 815 2394 888 dedigna-

393 891 586 952 batur.
665 892 748 951 Et
784 894 890 952 has
931 892 1162 964 quidem
1201 893 1570 952 recensiones
1609 898 1778 965 putet
1818 892 2025 964 aliquis
2064 908 2206 965 prae
2234 898 2393 951 cete·
2426 900 2502 939 1⁷⁵

394 969 477 1028 ris
513 969 899 1028 numerandas
941 985 1069 1028 esse
1108 970 1167 1026 in
1205 969 1297 1041 iis,
1338 985 1488 1041 quae
1513 970 1574 1027 in
1596 969 1841 1028 Scholiis
1870 969 2138 1028 dicuntur
2164 968 2224 1025 αἱ
2247 973 2390 1025 κατ’

395 1043 581 1123 ἄνδρα
590 1045 684 1117 3⁸).
764 1047 1214 1119 Distinguuntur
1251 1046 1325 1105 ab
1365 1047 1457 1105 his
1498 1045 1558 1102 αἱ
1593 1043 1891 1115 πολιτικαί,
1930 1062 1976 1104 s.
2018 1044 2078 1102 αἱ
2115 1043 2270 1102 κατὰ
2295 1043 2390 1102 πό-

397 1120 531 1194 λεις,
572 1121 633 1179 αἱ
668 1119 741 1179 ἐκ
778 1121 1020 1193 πόλεων,
1059 1122 1275 1195 ignotis
1315 1123 1668 1183 auctoribus⁸
1751 1123 1970 1182 Earum
2011 1122 2172 1195 duas,
2225 1124 2390 1194 quasi

397 1199 751 1258 clarissimae
799 1198 1015 1272 famae,
1066 1201 1181 1259 iam
1230 1200 1448 1258 dudum
1486 1200 1831 1260 Eustathius
1882 1199 1959 1259 ad
1995 1199 2238 1258 Iliadem
2278 1215 2393 1257 una

394 1291 526 1333 cum
563 1275 920 1336 Aristotelea
955 1277 1381 1349 nominaverat,
1429 1276 1871 1336 Massilioticam
1923 1281 1985 1335 et
2036 1276 2394 1348 Sinopicam3

394 1368 581 1426 nuper
620 1369 692 1412 ex
728 1353 978 1426 Lipsicis
1018 1360 1079 1412 et
1115 1354 1355 1412 Venetis
1408 1354 1652 1413 Scholiis
1704 1358 1953 1426 quatuor
1998 1353 2151 1413 aliae
2200 1368 2393 1411 acces-

396 1434 620 1488 serunt:
662 1446 902 1501 quarum
941 1431 1018 1503 si,
1066 1436 1133 1488 ut
1171 1446 1435 1503 quaeque
1474 1447 1712 1489 numero
1751 1430 2011 1504 pluribus
2049 1429 2394 1489 lectionibus

395 1505 663 1579 innotuit,
694 1508 779 1565 ita
818 1508 1023 1579 cuique
1063 1507 1398 1566 honoratior
1435 1508 1595 1566 locus
1624 1507 1885 1578 debetur,
1927 1508 2169 1578 (nullum
2197 1512 2392 1564 autem

396 1582 655 1640 videmus
695 1589 915 1642 certum
955 1583 1256 1657 ordinem‚)
1298 1585 1384 1642 ita
1420 1585 1555 1643 illae
1596 1583 1950 1644 ordinandae
1991 1589 2140 1654 sunt,
2183 1584 2391 1638 Masei·

399 1661 598 1732 Ζίοιίσα,
649 1661 799 1733 Chia,
843 1661 1078 1732 Arqiva„
1104 1660 1390 1733 Sinopica,
1440 1662 1654 1732 cypria,
1692 1662 1916 1717 Cretica.
1980 1660 2074 1719 Ex
2097 1659 2387 1719 Massilio-

393 1736 536 1808 tica,
586 1752 756 1808 quam
806 1742 1047 1810 propter
1094 1738 1376 1810 originem
1423 1739 1593 1797 huius
1653 1738 1901 1796 civitatis
1969 1736 2388 1809 quodammodo

393 1812 647 1871 Ionicam
689 1813 924 1886 dixeriS,
962 1814 1241 1873 lectiones
1283 1814 1359 1874 ad
1401 1815 1627 1888 viginti,
1668 1831 1739 1873 ex
1767 1813 1911 1873 Chia
1950 1813 2026 1873 ad
2066 1813 2385 1885 duodecim,

398 1894 459 1947 et
503 1889 589 1947 ita
639 1889 909 1964 deinceps
962 1891 1302 1972 paucioreS,
1355 1908 1388 1951 e
1431 1891 1660 1952 Cretica
1720 1908 1790 1951 ex
1830 1891 2055 1950 Seleuci
2094 1890 2390 1950 notatione

395 1981 569 2026 unam
608 1968 952 2042 accepimus.

557 2043 836 2115 Quoniam
895 2061 1033 2107 vero
1092 2046 1165 2104 de
1223 2048 1315 2106 his
1364 2045 1797 2105 recensionibus
1846 2045 2106 2104 omnibus
2154 2051 2391 2118 praeter

400 2119 751 2181 Scholiastas
790 2122 920 2201 illos
961 2124 1143 2183 omnis
1185 2124 1317 2183 silet
1354 2123 1690 2195 antiquitas,
1729 2138 1842 2181 non
1882 2122 2066 2181 solum
2104 2122 2166 2180 id
2205 2122 2389 2180 incer-

399 2203 521 2255 tum
562 2204 668 2271 est,
709 2215 744 2257 a
784 2199 991 2271 quibus
1031 2206 1286 2274 curatae,
1329 2206 1390 2259 et
1428 2205 1620 2259 utrum
1659 2199 1890 2271 publica
1930 2199 2276 2258 auctoritate
2315 2215 2390 2258 an

397 2280 609 2346 rogatu
646 2276 1000 2348 privatorum
1037 2274 1229 2336 factae
1270 2278 1405 2349 sint,
1445 2276 1551 2336 sed
1591 2277 1767 2335 etiam
1807 2276 1900 2334 cui
1939 2276 2055 2333 sint
2093 2275 2275 2334 aetati
2302 2291 2393 2335 as-

400 2351 732 2423 signandae.
813 2351 931 2412 Sed
971 2369 1069 2412 eas
1109 2355 1222 2413 huc
1262 2371 1298 2413 a
1320 2371 1415 2414 me
1440 2354 1645 2427 reponi
1669 2369 1836 2413 nemo
1861 2352 2185 2422 mirabitur,
2223 2368 2397 2424 quum

403 2426 556 2485 idem
595 2428 900 2488 videantur
937 2429 1144 2489 fecisse
1187 2436 1247 2489 et
1285 2432 1415 2503 alii3
1457 2437 1519 2490 at
1558 2445 1706 2502 quae
1749 2446 1947 2489 earum
1985 2430 2136 2488 ratio
2178 2434 2238 2487 et
2263 2445 2395 2488 con·

403 2503 549 2563 ditio
598 2503 775 2564 fuerit
824 2507 1155 2567 coniectura
1203 2509 1388 2580 magis
1436 2509 1495 2566 in
1547 2506 1816 2580 ambiguo
1860 2512 1965 2565 est.
2044 2507 2194 2565 Nam
2233 2513 2393 2564 vetu-

404 2586 613 2652 statem
653 2599 852 2641 earum
891 2584 1149 2643 omnibus
1188 2586 1248 2643 in
1286 2586 1456 2658 lociS,
1505 2585 1605 2643 ubi
1654 2589 2199 2655 commemorantur,
2251 2582 2394 2641 illud
2425 2601 2501 2638 176

404 2659 547 2716 satis
586 2659 860 2732 ostendit,
902 2660 1058 2733 quod
1085 2661 1178 2720 vel
1202 2667 1638 2735 praeponuntur
1662 2661 1979 2733 Zenod0t0‚
2019 2659 2396 2733 Aristophani

402 2733 722 2807 horumque
773 2737 1137 2810 aequalibus,
1190 2739 1280 2797 vel
1332 2745 1490 2799 certe
1533 2754 1661 2797 cum
1698 2738 1788 2796 his
1829 2742 2271 2810 componuntur3
2321 2752 2395 2795 ne

407 2811 481 2870 de
529 2813 659 2870 aliis
710 2813 940 2873 indiciis
992 2815 1208 2888 dicam,
1259 2832 1409 2887 quae
1458 2815 1678 2889 passim
1733 2815 1826 2873 vel
1874 2814 1935 2871 in
1984 2813 2396 2872 Graeculorum

404 2889 901 2962 negligentissima
938 2892 1198 2952 oratione
1237 2908 1519 2964 agnoscas
1532 2891 1625 2963 3¹³).
1707 2891 1868 2963 Quae
1909 2891 2099 2951 omnia
2137 2889 2398 2949 conside·
2432 2905 2509 2944 m

548 3059 621 3125 38)
655 3057 880 3113 Duobus
926 3065 1136 3113 tantum
1181 3059 1266 3114 his
1319 3059 1451 3114 locis
1496 3074 1757 3112 novorum
1793 3056 2154 3125 Scholiorum,
2238 3099 2249 3109 .
2288 3060 2402 3111 108.

409 3125 468 3191 ψ.
503 3129 587 3181 88.
661 3126 993 3182 Scholiorum
1028 3144 1223 3182 nomen
1256 3128 1346 3183 hic
1383 3134 1438 3182 et
1473 3127 1602 3182 alibi
1627 3126 1940 3195 simpliciter
1962 3125 2141 3179 tribuo
2217 3124 2403 3179 enetis.

547 3211 620 3278 39)
656 3210 796 3278 Quia
845 3227 970 3266 raro
1017 3226 1125 3265 una
1173 3212 1435 3281 quaedam
1471 3212 1662 3266 harum
1688 3211 1980 3266 editionum
2018 3225 2257 3264 seorsum
2292 3208 2404 3264 lau-

410 3277 598 3342 datur,
642 3295 712 3333 ne
748 3278 977 3334 eundem
1029 3280 1204 3336 locum
1239 3296 1460 3336 necesse
1493 3280 1724 3335 habeam
1758 3286 1844 3334 ter
1880 3286 1935 3333 et
1969 3283 2162 3348 quater
2195 3277 2402 3341 notare,

411 3362 596 3401 omnes
627 3347 718 3402 hic
750 3346 807 3402 in
841 3363 1004 3403 unam
1038 3348 1230 3403 seriem
1267 3350 1555 3405 conferam.
1611 3348 1876 3418 Pleraque
1900 3347 2112 3402 illorum
2130 3345 2237 3428 soli
2252 3360 2407 3414 prae·

413 3431 742 3486 stantissimo
792 3429 908 3487 cod.
954 3432 1020 3487 A.
1075 3431 1260 3487 deberi
1309 3432 1576 3487 evolventi
1620 3431 1931 3502 apparebit:
1977 3431 2048 3487 ad
2081 3448 2133 3485 a.
2167 3435 2252 3487 97.
2286 3434 2405 3487 298.
