2734 4000
1190 233 1546 327 -374-

372 423 511 481 solis
551 422 827 481 Romanis
867 422 1160 481 tribuatur
1168 421 1263 495 Μ),
1304 438 1375 481 ac
1414 422 1463 480 si
1504 423 1596 481 cui
1634 420 1785 481 forte
1824 423 2079 496 placebit
2118 425 2242 482 eius
2282 440 2376 484 co-

371 499 529 572 piam
569 500 853 571 praebere
891 499 1065 570 Mosi,
1119 505 1185 557 ut
1222 500 1348 572 ipse
1389 499 1846 558 Pentateuchum
1885 506 2156 559 contexat
2168 500 2261 573 ²⁶),
2301 518 2374 560 ne

370 577 609 635 linteam
650 576 882 648 quidem
920 575 1108 634 Iliada
1144 576 1311 635 nobis
1352 574 1679 648 confingere
1714 577 1872 635 licet.
1934 578 2141 648 Itaque
2181 578 2375 639 admo-

371 652 508 710 dum
545 651 898 712 inconditam
938 659 1123 711 artem
1160 653 1442 711 mansisse
1468 658 1716 726 apparet
1742 659 1803 711 et
1826 654 2182 711 rarissimum
2209 672 2375 714 usum

377 730 524 797 eiuS,
566 735 876 801 antequam
917 745 1045 788 eam
1085 731 1145 787 in
1171 730 1356 788 ovillis
1383 730 1476 787 vel
1503 730 1755 802 caprinis
1782 730 2030 803 pellibus
2057 731 2375 804 procedere

377 806 843 865 animadversum
873 812 1015 864 erat.
1055 806 1124 864 Id
1153 812 1346 864 autem
1375 805 1449 864 ab
1476 807 1709 865 Ionibus
1737 807 2059 865 institutum
2082 808 2376 868 luculento

374 883 501 942 loco
519 927 534 955 ,
585 899 754 955 quem
795 884 1103 955 aliquoties
1141 884 1481 955 memoravi,
1548 882 1738 941 refert
1768 882 2129 956 Herodotus3
2190 901 2374 957 eaque

374 958 485 1017 fuit
523 977 640 1018 una
678 943 793 1032 r⁶eS,
847 976 996 1032 quae
1039 959 1359 1018 scribendis
1397 960 1561 1018 libris
1600 961 2092 1032 opportunitatem
2130 962 2376 1021 haberet

373 1038 756 1109 antiquiorem
794 1035 1044 1095 fortasse
1063 1053 1303 1109 papyro.
1371 1037 1522 1095 Nam
1549 1037 1703 1108 quod
1727 1036 1882 1095 idem
1909 1043 2111 1096 auctor
2134 1040 2375 1098 mentio-

372 1129 504 1171 nem
552 1111 693 1172 facit
743 1120 1071 1172 ceratarum
1127 1113 1458 1171 tabularum
1479 1112 1582 1185 96),
1634 1129 1706 1171 ex
1752 1114 1842 1171 his
1884 1120 2043 1173 certe
2082 1115 2374 1173 volumina

376 1196 438 1249 et
474 1190 609 1247 libri
648 1190 850 1249 confici
888 1191 1046 1248 nullo
1084 1196 1257 1263 pacto
1296 1196 1627 1263 potuerunt.
1657 1211 1676 1216 ·

1271 1384 1481 1460 XVI.

530 1538 611 1597 At
652 1556 806 1612 vero,
849 1542 900 1597 si
940 1539 1040 1598 diu
1067 1547 1202 1599 ante
1229 1542 1490 1599 chartam
1514 1541 1932 1613 Pergamenam
1951 1541 2161 1600 radere
2188 1542 2371 1615 pelles
2398 1557 2450 1596 σε

272 1597 281 1602 “
375 1621 437 1674 et
478 1615 552 1674 ad
594 1616 958 1675 scribendum
999 1624 1205 1690 aptare
1233 1619 1425 1691 coepit
1448 1619 1634 1686 Ionia,
1672 1617 1940 1689 idemque
1967 1620 2232 1692 populus,
2275 1620 2373 1691 qui

372 1693 594 1765 primus
639 1692 907 1752 Carmina
945 1696 1271 1767 perpolivit,
1313 1695 1729 1767 expeditiorem
1754 1695 2057 1752 materiam
2083 1695 2373 1754 scribendi

376 1775 734 1828 commentus
776 1777 882 1843 est,
924 1771 1061 1842 quid
1103 1773 1448 1843 quaerimus
1492 1771 1661 1843 quale
1705 1787 1885 1842 genus
1912 1788 2106 1829 rerum
2134 1788 2373 1830 exaran-

368 1846 460 1904 dis
501 1847 618 1904 suis
663 1846 1025 1905 Carminibus
1064 1850 1361 1921 usurparit
1400 1853 1562 1906 vates
1602 1848 1828 1907 Ionicus
1849 1849 1877 1902 ‘3
1933 1847 2218 1907 Videlicet

335 1941 340 1950 ·
645 1922 647 1924 ’
677 1922 822 1980 Omna
860 1921 1025 1980 πώεα
1063 1923 1215 1982 καλὰ
1254 1923 1350 1981 καὶ
1390 1921 1613 1980 αἰπόλια
1651 1918 1858 1981 πλατέ’
1893 1923 2086 2002 αἰγῶν.

369 2001 661 2059 Vellemus
702 2002 1097 2061 tantummodo
1139 2003 1199 2060 id
1241 2003 1552 2061 adiecisset
1577 2002 1927 2073 HerodotuS‚
1970 2019 2082 2074 quo
2109 2008 2368 2076 tempore

370 2094 441 2135 ea
493 2078 849 2137 consuetudo
888 2079 1089 2138 Ionum
1127 2078 1485 2151 frequentari
1523 2079 1798 2152 coeperit.
1880 2080 2217 2151 Quanquam
2256 2096 2369 2138 non

368 2154 599 2212 videtur
638 2155 808 2213 valde
847 2154 1217 2227 frequentata
1255 2155 1468 2228 fuisse,
1520 2157 1570 2213 si
1610 2155 1843 2228 quidem
1882 2153 2152 2214 facillime
2194 2157 2370 2214 cessit

367 2231 604 2289 chartae
643 2248 1026 2304 papyraceae.
1105 2233 1415 2292 Enimvero
1441 2233 1620 2304 illum,
1661 2233 1712 2290 si
1737 2231 1907 2291 modo
1934 2233 2085 2291 aliae
2111 2233 2367 2291 rationes

367 2309 623 2381 siverint,
663 2325 778 2367 non
819 2309 1030 2382 cupide
1067 2310 1597 2383 interpretabimur,
1648 2310 1699 2366 si
1736 2309 1887 2367 hunc
1924 2326 2091 2367 usum
2130 2309 2369 2381 pellium

364 2385 472 2442 sub
528 2386 804 2458 epocham
845 2386 1249 2459 olympiadum
1287 2386 1582 2444 inductum
1632 2385 1961 2457 credamuS,
2014 2393 2074 2444 et
2121 2387 2368 2459 petitum

364 2460 438 2518 ab
482 2461 891 2534 Orientalibus,
931 2462 1088 2536 apud
1127 2480 1289 2535 qUOS,
1319 2469 1396 2523 ,ut
1430 2458 1579 2520 ‘alias
1617 2461 1894 2534 quasdam
1921 2462 2200 2521 barbaras
2231 2478 2368 2534 gen-

361 2545 471 2610 tes,
498 2539 743 2596 invaluit
766 2540 998 2612 penitus
1027 2546 1087 2597 et
1113 2540 1436 2598 diutissime
1463 2540 1663 2611 viguit.
1708 2539 1823 2597 Sed
1849 2544 1915 2597 ut
1941 2539 2082 2596 illud
2110 2555 2368 2612 sumpse-

364 2615 464 2686 ris,
505 2616 659 2686 quod
700 2621 759 2673 te
798 2614 993 2674 facere
1034 2627 1243 2688 cogent
1282 2616 1511 2675 collecti
1552 2617 1759 2673 calculi
1801 2616 2027 2688 reliqui,
2070 2623 2264 2674 tamen
2291 2631 2365 2673 ne

364 2698 502 2749 tunc
524 2691 756 2765 quidem
784 2692 1114 2766 expeditam
1139 2709 1262 2751 rem
1291 2700 1352 2751 et
1378 2695 1674 2765 vulgarem
1700 2691 1914 2751 factam
1936 2709 2080 2766 esse,
2108 2695 2365 2766 ipsarum

502 2853 574 2915 24)
610 2853 697 2907 Sic
731 2852 970 2920 intellige
1005 2852 1166 2907 Plinii
1200 2854 1234 2906 l.
1270 2854 1335 2920 1.,
1379 2869 1491 2923 quo
1539 2854 1622 2906 usi
1676 2868 1858 2906 sumus
1891 2852 1948 2905 in
1981 2851 2067 2905 his
2102 2850 2363 2918 omnibuS,

365 2935 504 2989 quae
552 2920 618 2975 de
662 2921 1036 2974 instrumentis
1087 2922 1296 2989 priscae
1346 2922 1649 2988 scripturae
1687 2921 2036 2988 disputamus,
2106 2917 2363 2986 Reliquos

362 2989 509 3043 locos
542 2989 645 3042 hac
680 2988 747 3043 dc
783 3004 868 3056 re,
918 2995 974 3042 et
1019 2989 1318 3058 singulares
1364 2989 1528 3043 libros
1582 2989 1818 3043 virorum
1853 2989 2160 3054 doctorum,
2196 2993 2362 3039 testes

362 3056 600 3111 excitare
636 3057 770 3111 nihil
805 3059 1014 3112 attinet.

513 3143 585 3211 25)
639 3143 778 3197 Vide
814 3158 946 3210 prae
982 3142 1178 3198 ceteris
1212 3142 1530 3198 Eichhornii
1565 3141 1768 3196 Introd.
1823 3142 1880 3195 in
1914 3140 1980 3194 V.
2036 3141 2185 3194 Test.
2227 3139 2291 3193 T.
2315 3140 2361 3194 I.

359 3227 413 3278 p.
458 3215 570 3266 136.
606 3211 677 3264 Π.
713 3228 767 3279 p.
804 3214 921 3264 213.

498 3297 571 3360 26)
606 3295 727 3350 VH.
764 3301 901 3349 extr.
938 3297 994 3350 in
1027 3297 1253 3351 historia
1288 3297 1582 3364 Demarati,
1617 3297 1761 3364 regis
1799 3295 2200 3362 Spartanorum.
2256 3291 2362 3346 Sed

359 3364 495 3418 illud
543 3364 618 3417 ibi
669 3380 778 3419 non
824 3363 982 3419 affert
1016 3372 1079 3418 ut
1114 3382 1325 3419 novum.
1399 3367 1590 3419 Geram
1626 3373 1806 3418 autem
1843 3364 2005 3416 etiam
2041 3363 2096 3415 in
2132 3360 2360 3429 pellibus

357 3433 808 3569 {dhgbitlakuli‘lesse
844 3449 878 3486 a
901 3432 1127 3502 CypriiS,
1163 3433 1436 3502 ingeniose
1473 3433 1701 3487 coniecit
1723 3431 2025 3485 Hemsterh.
2063 3429 2132 3484 ad
2159 3429 2358 3483 Polluc.
