2734 4000
1301 255 1662 309 ..20-

476 406 746 477 habente,
786 403 941 462 unde
980 403 1252 477 pendeat.
1311 400 1698 463 Durissimum
1737 401 1841 473 sit,
1893 417 2023 461 eum
2061 402 2364 463 retrahere
2407 406 2483 464 ad

478 480 875 561 ἀρεσσόμεθα,
915 482 1120 541 vel-fex
1160 495 1320 552 seqq.
1362 475 1435 535 αἴ
1447 475 1522 536 κέ
1542 477 1679 535 ποθι
1706 474 1856 543 Ζεὺς
1880 473 2025 558 δῴη,
2065 485 2327 555 spectato
2356 483 2484 542 solo

479 576 671 632 sensu,
713 558 948 630 aliquod
986 558 1225 617 verbum
1264 555 1487 630 primae
1527 571 1815 628 personae
1843 558 2197 630 exprimere.
2258 557 2479 617 Harum

479 636 982 710 grammat-icarum
1021 649 1294 693 venerum
1335 633 1601 706 exempla
1627 632 1816 690 adhuc
1843 649 2059 705 quaero
2088 634 2243 709 apud
2270 634 2482 695 Home-

474 731 603 773 rum
641 718 880 788 praeter
919 729 1007 785 ea,
1049 727 1198 784 quae
1236 712 1368 784 ipsa
1405 714 1679 782 suspecta
1717 715 1879 780 sunt3
1919 717 1985 769 ut
2024 711 2231 786 Odyss.
2273 713 2325 775 δ.
2350 723 2481 789 263,

475 792 576 850 ubi
602 792 823 863 aliquot
848 790 1110 849 codicum
1138 789 1412 862 optimam
1441 787 1786 859 scripturam
1814 788 2267 882 νοσφισσαμένῃν
2304 794 2480 853 etiam

476 884 547 927 ex
586 867 879 927 veteribus
905 867 1076 925 affert
1096 865 1462 935 Eustathius‚
1502 869 1801 935 mutatam,
1842 866 2062 939 opinor,
2104 868 2178 927 ab
2206 870 2294 941 1is,
2336 887 2480 943 quos

396 963 447 1003 ⁸4
474 945 750 1004 cumulati
788 943 964 1002 iidem
992 959 1160 1002 casus
1190 941 1404 1000 diversi
1432 941 1661 1013 generis
1688 940 2065 1016 offenderent,
2106 950 2382 1017 tanquam
2407 949 2477 1006 Il.

466 1041 531 1101 χ.
576 1030 707 1082 109.
784 1021 897 1079 Vix
950 1022 1100 1080 enim
1151 1024 1410 1077 veterum
1461 1017 1669 1089 aliquis
1708 1017 2002 1089 vulgatam
2042 1023 2268 1094 vulgari
2305 1024 2478 1084 modo

471 1100 739 1172 accipere
776 1099 985 1172 potuit.
1036 1094 1105 1155 K.
1149 1098 1240 1155 57.
1280 1096 1487 1166 legunt
1524 1093 1699 1166 vulgo
1739 1094 1929 1152 κείνου
1969 1095 2079 1174 γάρ
2123 1117 2191 1155 κε
2223 1098 2477 1176 μάλιστα

469 1174 770 1247 πυθοίατο,
808 1177 869 1233 in
910 1191 1023 1247 quo
1061 1170 1353 1230 πυθέσθαι
1392 1175 1602 1244 putant
1640 1186 1769 1229 esse
1809 1175 2034 1229 obedire.
2097 1175 2265 1247 Quod
2303 1194 2478 1249 quum

468 1269 545 1311 ne
586 1253 1003 1326 Glossographi
1044 1249 1277 1323 quidem
1315 1249 1481 1307 nobis
1509 1247 1841 1320 obtrudant,
1883 1265 1996 1309 uno
2024 1258 2183 1310 certe
2213 1256 2476 1329 exemplo

469 1329 830 1403 probandum
858 1335 1002 1387 erat.
1042 1326 1407 1397 Eustathiu8‚
1448 1324 1588 1397 quid
1614 1326 1674 1382 in
1700 1325 1863 1384 libris
1886 1327 2006 1385 suis
2032 1328 2259 1402 legerit,
2301 1347 2477 1403 quae-

466 1412 691 1466 rentem
728 1404 1045 1468 frustratur„
1078 1404 1323 1463 molesto
1361 1403 1462 1462 illo
1490 1398 1586 1458 καὶ
1624 1397 1780 1481 ἑξῆς.
1828 1402 2157 1477 Enimvero,
2198 1407 2247 1464 si
2288 1408 2372 1466 ita
2396 1409 2480 1467 le—

469 1485 670 1556 gisset,
697 1489 817 1542 tam
845 1481 1163 1540 inauditam
1190 1477 1667 1551 significationem
1687 1494 1800 1538 non
1828 1481 2163 1554 omissuruS‚
2206 1489 2309 1542 aut
2336 1485 2475 1545 alibi

468 1561 543 1619 ad
586 1577 714 1618 eam
763 1558 1072 1617 rediturus·
1128 1555 1366 1628 fuisset3
1429 1556 1489 1614 id
1530 1555 1685 1627 quod
1723 1555 1880 1615 nullo
1920 1555 2062 1616 facit
2100 1559 2243 1618 loco.
2321 1562 2473 1622 Nam

468 1637 579 1695 etsi
628 1654 687 1710 p.
732 1643 900 1697 1013.
951 1636 990 1692 l.
1034 1642 1124 1693 55.
1178 1633 1255 1692 ad
1295 1652 1347 1689 o.
1391 1639 1504 1691 224
1543 1628 1835 1689 πυθέσθαι
1873 1650 2003 1692 cum
2043 1637 2297 1708 genitivo
2338 1655 2472 1698 con-

465 1720 748 1772 structum
787 1715 871 1771 ita
909 1716 1094 1784 notat,
1134 1716 1203 1768 ut
1241 1714 1302 1767 et
1342 1709 1483 1767 alibi
1524 1709 1597 1766 de
1639 1725 1708 1768 eo
1739 1725 1955 1782 genere
1980 1713 2268 1772 monuisse
2297 1716 2472 1788 signi-

463 1789 616 1863 ficet,
668 1790 731 1848 id
769 1806 885 1848 non
923 1790 1178 1862 pertinet
1221 1786 1297 1845 ad
1336 1787 1451 1844 vim
1494 1788 1786 1857 obediendi,
1838 1787 1944 1845 sed
1982 1794 2329 1861 coquoscendi
2366 1809 2471 1851 seu

464 1870 747 1939 audiendi,
799 1866 873 1925 de
912 1881 1027 1937 qua
1076 1880 1218 1923 sane
1271 1863 1501 1921 dixerat
1539 1880 1594 1936 p.
1639 1869 1768 1921 655.
1812 1864 1849 1920 l.
1890 1870 1984 1923 42.
2064 1866 2251 1939 Igitur
2291 1869 2468 1928 etiam

461 1942 809 2003 Eustathius
871 1941 1245 2003 correctionis
1307 1945 1543 2000 nostrae
1603 1941 1934 2000 auctoribus
1994 1941 2297 2004 addendus
2358 1954 2464 2006 est.

465 2020 691 2080 Clarius
732 2021 887 2079 idem
928 2019 1226 2078 confirmat
1261 2023 1520 2077 nostram
1557 2018 1864 2077 lectionem
1908 2017 1956 2075 λ.
1988 2027 2097 2092 11.,
2138 2022 2239 2080 ubi
2261 2023 2322 2081 in
2349 2026 2469 2082 vul-
2501 2035 2508 2046 ⁸

463 2104 604 2172 gata
641 2098 879 2157 verbum
919 2090 1077 2155 ἀΰειν
1127 2111 1256 2154 cum
1307 2094 1504 2154 dativo
1542 2095 1908 2167 iungebatur.
1959 2096 2030 2154 Id
2067 2098 2128 2155 in
2168 2100 2468 2174 similibus,

463 2177 752 2252 γεγωνεῖν,
791 2171 1130 2242 κέκλεο-θαι,
1171 2167 1426 2229 κελεύειν
1464 2172 1714 2243 solitum,
1756 2188 1831 2230 an
1869 2174 1930 2230 in
1969 2174 2068 2233 illo
2096 2190 2324 2247 quoque
2350 2180 2466 2236 usi-

460 2258 645 2310 tatum
686 2253 780 2324 sit,
819 2252 1193 2311 vehementer
1210 2251 1215 2259 “
1232 2248 1463 2320 dubitog
1505 2248 1760 2308 Homero
1800 2255 1995 2307 autem
2035 2253 2311 2310 usitatum
2351 2270 2465 2313 non

461 2344 592 2387 esse
631 2328 817 2388 video.
858 2328 1065 2401 Neque
1104 2326 1214 2385 hac
1251 2342 1371 2384 una
1407 2326 1715 2384 insolentia
1751 2325 2020 2385 laborare
2061 2343 2307 2402 versum,
2359 2347 2462 2388 nu-

457 2407 634 2464 meris
675 2410 946 2464 assuetae
986 2420 1157 2464 aures
1199 2402 1426 2462 docent.
1505 2402 1599 2461 Ex
1637 2402 1750 2460 alio
1793 2419 2007 2476 genere
2046 2402 2229 2463 falsae
2270 2408 2463 2466 analo-

460 2484 592 2555 giae
630 2480 817 2543 forma
858 2488 985 2541 erat
1027 2502 1073 2539 ν.
1114 2487 1266 2552 485.,
1305 2480 1440 2537 hinc
1480 2480 1540 2537 in
1578 2479 1799 2537 indices
1839 2479 2216 2540 dialectorum
2256 2483 2462 2558 relata,

458 2557 853 2637 γεγενοᾲιεθα.
917 2560 1057 2632 Nos,
1100 2564 1161 2617 et
1198 2573 1308 2614 usu
1349 2561 1411 2614 et
1449 2557 1739 2614 sententia
1765 2563 2060 2631 poscente,
2101 2575 2174 2617 ex
2196 2560 2460 2632 pluribus

456 2636 626 2695 codd.
668 2636 931 2695 dedimus
973 2655 1040 2713 γε
1079 2630 1405 2712 γενοᾲιεθα.
1476 2632 1710 2692 Scilicet
1748 2632 1978 2692 codices
2018 2635 2183 2694 nobis
2225 2653 2459 2710 exspec-

455 2712 618 2771 tandi
666 2718 834 2771 erant
881 2714 1102 2771 maiore
1149 2726 1389 2769 numero
1403 2753 1424 2782 ,
1470 2715 1536 2767 ut
1582 2710 1973 2783 ineptissimas
2025 2713 2345 2786 scripturas
2398 2721 2459 2774 et

451 2790 699 2848 maxime
739 2789 1025 2863 proclives
1062 2789 1263 2862 lapsus
1304 2786 1704 2846 nonnullorum
1744 2786 2109 2848 librariorum
2137 2791 2456 2863 corrigere·

377 2889 427 2929 ³5
452 2881 599 2939 muS,
635 2872 704 2924 ut
725 2886 782 2923 π.
811 2873 941 2926 380.
970 2863 1082 2923 ἀνά
1105 2866 1166 2922 in
1193 2859 1332 2941 ἄρα,
1371 2881 1422 2923 σ.
1452 2868 1584 2923 405.
1612 2855 1774 2933 ἔσαν,
1811 2865 1870 2921 in
1898 2860 2041 2938 ἴσαν,
2081 2885 2129 2922 υ.
2159 2873 2288 2926 409.
2318 2870 2455 2925 πᾶσι

451 2942 510 2999 in
550 2941 719 2999 παισί
744 2948 1115 3001 mutaremus.
1193 2939 1365 2999 Adde
1402 2940 1494 2998 his
1534 2937 1863 2999 facillimam
1905 2947 1967 3000 et
2001 2943 2121 3001 late
2159 2949 2456 3016 patentem

451 3017 842 3092 confusionem
878 3019 1198 3090 modorum,
1238 3018 1298 3076 in
1324 3018 1527 3091 primis
1553 3017 1900 3076 subiunctivi
1928 3025 1989 3077 et
2013 3021 2276 3093 optativi,
2317 3037 2455 3093 quo-

449 3111 579 3153 rum
617 3096 936 3169 legitimum
964 3096 1275 3155 discrimen
1301 3095 1418 3168 ipsi
1446 3093 1718 3153 Graeculi
1745 3100 2166 3167 postremorum
2192 3098 2451 3157 saeculo-

448 3188 578 3230 rum
615 3187 822 3245 parum
860 3178 1037 3240 recte,
1060 3177 1389 3230 tenuerunt.
1468 3170 1682 3229 Notavi
1722 3171 1954 3243 quidem
1992 3173 2134 3232 mihi
2174 3174 2249 3231 ad
2291 3176 2452 3246 quin-

449 3247 639 3307 decim
680 3250 944 3322 exempla
978 3249 1147 3307 huius
1188 3245 1558 3319 confusionis,
1610 3247 1817 3319 quibus
1857 3247 1933 3308 ad
1972 3251 2234 3323 regulam
2275 3253 2450 3310 corri-

449 3325 654 3397 gendis
696 3330 758 3384 et
794 3331 1040 3384 metrum
1082 3332 1143 3384 et
1179 3324 1320 3383 libri
1362 3339 1561 3384 omnes
1589 3324 1845 3383 obstent:
1888 3331 1952 3384 at
1987 3327 2047 3384 in
2071 3328 2244 3399 longe
2270 3328 2449 3401 pluri-

447 3402 556 3459 mis
594 3416 709 3460 non
750 3407 841 3460 est
882 3401 1137 3474 dubium,
1177 3401 1316 3473 quin
1357 3400 1713 3472 antiquiores
1740 3401 1874 3459 libri
1902 3418 2029 3461 cum
2057 3405 2446 3477 grammaticis

451 3482 512 3534 et
560 3477 816 3536 metricis
862 3478 1083 3550 regulis
1137 3483 1528 3550 congruentes,
1577 3477 1855 3549 sequendi
1895 3479 2025 3538 sint.
2108 3480 2324 3540 Saltem
2366 3482 2445 3554 id,
