2734 4000
1151 253 1220 262 --
1283 227 1508 281 125—

325 376 620 448 nodotum,
662 390 810 447 quae
851 375 926 433 ad
968 375 1091 432 eius
1132 374 1539 433 auctoritatem
1577 373 1926 449 referuntur,
1966 379 2141 446 atque
2181 375 2329 435 adeo

325 452 690 512 Zenodoteas
729 453 1063 525 scripturaS‚
1104 467 1373 524 magnam
1400 457 1558 511 certe
1583 458 1828 525 partem,
1869 469 1983 512 non
2009 452 2154 510 alias
2182 468 2329 525 esse,

326 547 499 602 quam
538 530 925 601 antiquiorum
974 529 1382 602 plerorumque
1429 529 1725 589 librorum.
1805 529 1988 602 quue
2040 545 2214 601 quum
2267 536 2328 588 et

326 608 659 667 coniectura
696 606 998 680 probabile
1026 607 1120 678 sit,
1162 611 1223 664 et
1248 607 1469 678 aliquot
1493 606 1716 666 idoneis
1738 607 2092 680 argumentis
2112 606 2326 665 intelli·
2353 615 2430 654 204
2459 644 2465 653 -

326 690 500 757 gatur
510 683 618 757 ⁷³),
668 685 1084 756 circumspecte
1132 682 1297 742 nobis
1347 683 1718 742 iudicandum
1772 685 1886 743 erit
1935 683 2009 742 de
2060 683 2326 756 principe
2487 734 2493 739 ,

328 761 691 834 Criticorum,
730 777 804 820 ne
843 761 956 833 ipsi
995 761 1343 833 imputemus
1386 760 1554 833 vitia,
1608 776 1758 833 quae
1799 762 1854 820 ei
1892 758 2137 820 forsitan
2176 777 2328 819 com·
2355 771 2431 813 20⁵

324 839 520 898 munia
556 836 772 896 fuerint
811 853 938 895 cum
979 837 1311 898 doctissimo
1352 853 1581 910 quoque
1620 839 1850 898 illorum
1888 844 2229 912 temporum.

323 1078 548 1133 sublatis
583 1084 818 1146 quatuor
851 1077 955 1132 illis
991 1079 1282 1132 423-426.
1353 1076 1442 1131 Sic
1474 1095 1520 1130 κ.
1556 1080 1673 1132 522.
1710 1077 2081 1146 praeponebat
2114 1085 2328 1134 antece-

323 1147 575 1202 dentibus
611 1147 835 1216 duobuS,
870 1146 963 1201 ubi
999 1145 1173 1201 Schol.
1207 1145 1363 1208 bene,
1402 1142 1613 1216 Πρῶτα
1648 1147 1708 1198 δὲ
1744 1145 1934 1198 ἰδόντα
1973 1146 2084 1199 ἔδει
2106 1148 2328 1201 κλαίειν.

321 1215 470 1270 Alibi
506 1215 899 1271 contractiones
940 1230 1192 1270 versuum
1228 1213 1531 1268 afferuntur
1580 1213 1638 1267 in
1671 1214 1858 1283 primis
1893 1213 2170 1269 ridiculae.
2240 1217 2328 1271 Ita

323 1284 571 1354 egregios
605 1284 724 1338 illos
760 1302 811 1338 α.
846 1288 961 1339 219.
1000 1287 1118 1338 220.
1156 1282 1511 1337 contrahebat
1531 1282 1586 1336 in
1620 1282 1765 1337 hunc
1800 1299 1996 1337 unum:

585 1366 679 1430 Ὣς
713 1370 879 1423 εἰπὼν
917 1369 1074 1422 πάλιν
1112 1368 1225 1421 ὦσε
1259 1368 1403 1436 μέγα
1439 1366 1607 1437 ξίφος,
1643 1368 1772 1420 οὐδ’
1809 1368 2064 1438 ἀπίθησε.

322 1456 636 1525 Eodemque
671 1455 728 1509 in
763 1455 900 1509 libro
935 1470 1036 1523 pro
1072 1457 1184 1508 446.
1224 1456 1342 1509 447.
1379 1453 1523 1507 hunc
1557 1453 1827 1508 habebat:

619 1538 714 1601 Ὣς
747 1541 929 1594 εἶπεν·
968 1542 1054 1593 rol
1089 1541 1149 1591 δ’
1185 1539 1300 1592 ὦκα
1336 1542 1458 1612 θεῷ
1497 1540 1653 1610 ἱερὴν
1692 1541 2019 1611 ἑκατόμβην.

324 1628 387 1685 Β.
422 1633 505 1687 60.
519 1645 634 1698 sqq.
671 1628 834 1681 tertia
867 1627 1121 1695 repetitio
1158 1626 1450 1680 eorundem
1483 1640 1734 1680 versuum
1758 1627 1808 1681 ei
1833 1626 1968 1680 adeo
1994 1624 2327 1694 displicebat,

324 1704 388 1752 ut
420 1714 521 1766 pro
557 1699 776 1753 65—70.
812 1696 914 1751 hos
948 1695 1083 1750 duos
1119 1696 1290 1763 daret,

529 1778 745 1851 Ἠνώγει
779 1801 845 1836 σε
880 1784 1067 1852 πατὴρ
1105 1782 1375 1849 ὑψίζυγος,
1414 1781 1599 1851 αἰθέρι
1639 1782 1822 1844 ναίων,
1880 1808 1889 1816 ·

536 1847 717 1920 Τρωσὶ
750 1852 1110 1922 μαχήσασθαι
1145 1850 1306 1920 προτὶ
1326 1849 1504 1904 Ἴλιον.
1560 1847 1671 1910 Ὣς.
1693 1852 1723 1903 ὁ
1758 1851 1861 1914 μὲν
1899 1849 2087 1904 εἰπών.

326 1937 403 1991 cf.
441 1935 594 1990 Eust.
633 1952 686 2004 p.
718 1939 828 1991 173.
901 1935 1157 1992 Similiter
1189 1935 1486 2005 ineptiebat
1520 1937 1575 1990 in
1610 1954 1664 1990 π.
1693 1939 1773 1990 89.
1790 1950 1902 2004 sqq.
1938 1941 1994 1988 et
2027 1934 2146 1988 aliis
2180 1933 2325 1987 locis.

325 2007 402 2060 At
434 2006 493 2060 in
525 2005 769 2074 pluribus
801 2006 1009 2071 horum,
1044 2005 1275 2060 maxime
1311 2005 1403 2073 ibi,
1438 2006 1532 2060 ubi
1567 2005 1770 2074 aliquid
1803 2005 1962 2072 plane
1987 2004 2180 2066 omisit,
2216 2002 2326 2056 cui-

324 2075 407 2129 vis
440 2079 695 2129 nascatur
728 2074 959 2143 suspicio
973 2115 987 2144 ,
1034 2079 1245 2143 partem
1300 2074 1492 2141 culpae
1535 2074 1593 2127 in
1644 2073 1786 2128 mala
1828 2073 1935 2127 fide
1983 2072 2324 2141 antiquorum

326 2143 730 2211 exemplarium,
766 2159 873 2197 non
909 2144 965 2197 in
998 2142 1259 2197 Zenodoti
1293 2142 1511 2211 ingenio
1547 2142 1677 2211 solo,
1715 2142 2077 2210 quaerendam
2114 2154 2249 2194 esse.

465 2230 537 2294 ⁷3)
571 2228 795 2282 Trinum
830 2243 984 2282 omne
1019 2228 1337 2297 perfectum,
1375 2228 1541 2282 aiunt.
1615 2226 1678 2283 B.
1718 2230 1831 2282 196.
1869 2226 2133 2295 pluralem
2167 2222 2327 2279 affert

324 2298 553 2352 Aristot.
588 2296 747 2351 Rhet.
783 2296 856 2365 ΙΙ,
892 2300 942 2365 2,
966 2298 1014 2352 7.
1054 2299 1409 2367 Διοτρεφέων
1446 2297 1744 2366 βασιλήων.
1803 2294 1910 2349 Ubi
1930 2310 2184 2348 numerus
2208 2308 2326 2347 sen-

325 2366 532 2421 tentiae
586 2380 750 2419 causa
795 2382 829 2419 a
864 2364 1183 2434 philosopho
1236 2370 1454 2433 poterat
1488 2371 1728 2418 mutatus
1763 2363 1951 2418 videri.
2021 2362 2128 2417 Sed
2172 2361 2324 2415 ecce!

328 2434 554 2490 eandem
602 2434 923 2502 scripturam
976 2449 1118 2487 nunc
1164 2449 1233 2486 ex
1269 2433 1496 2487 Scholiis
1543 2433 1796 2487 discimus
1832 2430 2096 2485 Zenodoti
2143 2429 2325 2484 fuisse.

325 2503 507 2571 Magis
541 2502 776 2556 notabile
810 2502 916 2556 hoc
951 2509 1049 2570 est,
1086 2500 1230 2570 quod
1247 2501 1386 2555 idem
1413 2501 1621 2556 duobus
1645 2508 1740 2554 aut
1800 2500 2003 2554 Iuribus
2023 2514 2145 2566 vsa,
2181 2503 2327 2551 certe

325 2571 385 2636 β.
428 2575 541 2625 144.
589 2568 634 2627 ξ.
673 2575 819 2639 499.,
872 2569 1187 2624 vocabulum
1240 2569 1530 2624 absurdum
1587 2576 1655 2622 et·
1688 2586 1757 2623 no
1796 2569 1841 2621 is
1889 2568 2048 2635 plane
2085 2567 2327 2634 ignotum

327 2638 539 2693 dedisse
575 2638 838 2703 traditur,
892 2639 967 2708 φή
1015 2654 1115 2705 pro
1151 2639 1239 2699 ὣς.
1310 2635 1391 2709 Φὴ
1441 2638 1656 2702 κύματα
1701 2638 1884 2707 μακρὰ
1929 2636 2238 2704 θαλάσσης,
2276 2632 2328 2684 ‘0

329 2708 392 2760 δὲ
427 2709 506 2778 φὴ
542 2707 769 2760 κώδειαν
808 2708 1082 2779 ἀνασχών.
1153 2706 1260 2761 Sed
1307 2707 1464 2761 istius
1507 2706 1732 2760 monstri
1780 2720 1910 2759 usus
1958 2719 2028 2757 ex
2062 2706 2174 2763 τοῖς
2205 2701 2324 2766 μετ’

314 2774 547 2846 Ὅμηρον
562 2815 577 2843 ,
621 2775 934 2829 nominatim
978 2775 1298 2829 Antimacho
1356 2780 1413 2828 et
1449 2774 1791 2842 Callimacho,
1839 2773 2237 2827 demonstratur
2271 2769 2328 2823 in

328 2843 567 2898 Scholiis
641 2842 783 2897 Num
819 2842 875 2897 id
910 2859 1038 2911 ergo
1073 2843 1417 2897 Zenodoteae
1454 2847 1700 2897 monetae
1735 2840 2083 2910 putabimus?
2130 2841 2216 2893 Ita
2260 2838 2327 2892 de

325 2927 432 2966 vsS.
469 2911 537 2965 ab
573 2925 637 2964 eo
675 2912 889 2966 reiectis
926 2912 1090 2965 semel
1124 2917 1358 2981 notatur,
1441 2959 1446 2964 .
1481 2915 1591 2966 134.
1629 2915 1685 2964 et
1707 2910 1982 2978 proximos
2005 2908 2140 2963 duos
2165 2907 2326 2960 etiam

327 2997 363 3035 a
397 2979 650 3034 Chiorum
685 2980 930 3049 exemplo
967 2979 1218 3034 abfuisse.
1287 2931 1502 3035 Addlere
1536 2979 1622 3033 his
1656 2978 1842 3046 multa,
1879 2976 2189 3032 facillimum
2229 2983 2326 3029 est.

330 3048 389 3102 A.
426 3051 543 3104 216.
584 3048 896 3128 σφωΐτερον
932 3049 989 3101 in
1024 3048 1259 3102 secunda
1282 3064 1514 3117 persona
1543 3047 1826 3115 singularis
1849 3047 2058 3100 numeri
2082 3043 2328 3099 adhibuit

325 3117 386 3171 Z.
456 3116 606 3170 Infra
622 3115 935 3184 videblmnS,
970 3117 1027 3170 id
1050 3122 1105 3170 et
1129 3116 1247 3169 aliis
1269 3117 1445 3185 poetis
1469 3115 1850 3170 Alexandrinis
1872 3114 2156 3182 placuisse,
2193 3127 2327 3183 quos

327 3200 485 3239 nemo
522 3184 720 3239 dixerit
754 3184 822 3238 ab
859 3201 966 3239 uno
1001 3186 1061 3239 Z.
1099 3184 1369 3253 deceptos.
1407 3182 1465 3239 Ξ.
1505 3187 1624 3238 442.
1695 3182 1870 3252 ’θϊλῆα
1904 3183 2044 3236 male
2079 3184 2326 3248 mutavit,

328 3253 607 3322 inquiunt,
653 3253 711 3307 in
741 3251 895 3323 Ἰλῆα.
967 3253 1160 3308 Statim
1195 3259 1250 3306 et
1283 3253 1444 3307 huius
1479 3251 1684 3305 formae
1723 3252 2002 3320 antiquum
2046 3266 2201 3304 usum
2237 3248 2326 3302 de-

327 3320 759 3376 monstrabimus,
829 3319 892 3375 B.
925 3326 1043 3376 484.
1081 3321 1236 3375 dedit
1253 3318 1459 3374 Μοῦσαι
1477 3320 1832 3386 βαθύκολποι,
1893 3318 2094 3373 Rident
2120 3317 2326 3385 epithe-

327 3396 451 3457 ton,
504 3389 572 3443 ab
608 3390 844 3444 Homero
879 3388 1132 3444 Barbaris
1179 3390 1336 3444 modo
1385 3389 1502 3443 dari
1538 3388 1768 3444 solitum.
1836 3388 1913 3442 At
1947 3387 2325 3441 auctoritatem

329 3457 548 3513 lectioni
600 3458 851 3514 conciliat
885 3458 1148 3512 Pindarus
1182 3457 1337 3527 Pyth.
1375 3457 1430 3525 1,
1476 3461 1558 3513 23.
1582 3497 1597 3526 ,
1651 3473 1815 3525 quum
1859 3461 2104 3509 veterum
2150 3469 2325 3508 exem-
