2734 4000
1331 220 1557 272 -142
1611 246 1688 256 —

475 369 649 431 ,alius
703 368 1007 441 quisquam
1050 367 1570 427 Grammaticorum
1612 367 1984 427 Graecorum.
2067 369 2193 440 Qua
2232 369 2292 426 in
2335 369 2527 427 abun-

502 445 703 504 dantia
742 445 1028 503 materiae
1067 443 1177 503 hoc
1215 445 1344 503 loco
1386 444 1480 502 vix
1520 445 1863 517 gravissima
1901 462 2166 518 quaeque
2206 447 2526 519 complecti

502 538 705 593 conor,
758 521 902 579 satis
951 520 1287 592 habituruS,
1343 521 1395 577 si
1444 521 1711 579 universe
1761 521 2047 594 quaedam
2096 523 2525 595 percurrendo,

501 597 1020 669 observationibu8‚
1062 598 1138 657 ad
1181 598 1440 670 singulos
1479 598 1638 657 locos
1666 598 1906 658 Homeri
1932 599 2263 671 afferendiS,
2302 600 2529 659 idonea

499 674 874 734 fundamenta
915 675 1127 734 iecero.
1658 682 1661 687 ’

1357 835 1636 910 XLVI.

652 985 821 1044 Hanc
860 983 937 1043 ad
978 1000 1101 1041 rem
1141 983 1534 1041 necessarium
1588 988 1679 1041 est
1718 982 2020 1056 disputare
2061 982 2400 1056 diligentius
2443 984 2521 1042 de

477 1063 653 1122 ‚omni
691 1062 919 1121 ratione
963 1060 1193 1119 critices
1235 1065 1515 1129 veterum,
1556 1075 1868 1132 veramque
1910 1061 2035 1118 eius
2076 1061 2268 1119 animo
2296 1077 2517 1135 capere

498 1140 768 1214 speciem.
809 1137 1078 1198 Nondum
1101 1137 1253 1195 enim
1272 1137 1416 1194 satis
1434 1134 1810 1195 refutavimus
1824 1137 1896 1205 l⁰)
1911 1137 2208 1209 vulgarem
2230 1154 2518 1209 errorem,
2538 1156 2543 1161 ·

499 1234 612 1290 quo
657 1214 835 1284 facile
876 1214 1139 1272 ducimur
1187 1230 1414 1286 omneS,
1467 1219 1533 1272 ut
1575 1212 1819 1272 Criticos
1871 1214 2234 1286 antiquitatis
2286 1214 2516 1285 horum,

499 1295 597 1365 qui
636 1309 787 1351 nunc
826 1298 977 1363 sunt,
1019 1291 1253 1363 simileS,
1296 1296 1471 1361 atque
1498 1290 1899 1349 Aristarchum
1938 1291 1997 1348 in
2026 1291 2224 1364 primis
2251 1291 2513 1350 Bentleii

500 1387 605 1430 seu
644 1367 1043 1436 Valckenarii,
1097 1384 1203 1426 seu
1256 1368 1514 1440 quisquis
1565 1367 1803 1440 antiqua
1841 1368 2060 1442 scripta
2098 1369 2227 1441 pari
2266 1369 2506 1441 iugenio

500 1448 734 1520 expolit,
773 1447 946 1518 longe
985 1445 1334 1503 simillimum
1373 1451 1660 1517 putemus.
1728 1444 1911 1517 quue
1949 1445 2114 1503 nobis
2141 1444 2507 1519 persuadere

498 1525 696 1583 volunt
736 1524 915 1581 allato
958 1522 1148 1595 elogio
1187 1521 1538 1593 Horatiano,
1589 1523 1706 1577 Fiet
1747 1524 2128 1591 Aristarchus,
2174 1523 2271 1580 cui
2311 1523 2522 1594 elogio·

500 1601 675 1660 etiam
716 1599 1135 1658 Panaetianum
1177 1596 1397 1657 addere
1435 1603 1725 1671 poterant.

654 1676 790 1741 Sed.
832 1682 897 1734 ut
932 1693 969 1733 a
1002 1675 1327 1749 posteriore
1373 1673 1589 1747 ordiar,
1627 1675 1770 1732 illud
1810 1674 1888 1734 ad
1912 1675 2292 1755 interpretem
2318 1675 2501 1747 perti-

498 1759 599 1825 net
635 1751 1172 1827 „manifQSQ-QE..
1156 1751 1233 1809 ad
1271 1750 1719 1822 emendatorem.
1783 1751 2017 1812 Horatii
2056 1768 2193 1811 vero
2218 1757 2348 1810 tota
2374 1752 2502 1810 sen-

498 1832 684 1889 tentia
722 1831 856 1888 talis
898 1835 1005 1901 est,
1047 1830 1105 1886 in
1146 1845 1262 1901 qua
1299 1828 1351 1887 si
1390 1845 1497 1902 pro
1541 1830 1857 1884 Aristarcho
1899 1828 2285 1888 substituatur
2336 1831 2513 1884 Ram-

499 1912 640 1964 leruae
678 1913 895 1978 noster,
938 1905 1251 1964 acerrimus
1293 1905 1612 1964 alienorum
1643 1903 1973 1966 Carminum
2002 1905 2344 1978 castigator,
2385 1923 2510 1964 mu-

499 1985 777 2044 tationem
817 1984 977 2042 iuxta
1016 1980 1209 2041 ferant
1245 1982 1307 2055 ii,
1347 1982 1451 2055 qui
1474 1981 1644 2041 huius
1672 1982 1890 2043 iudicia
1913 1982 2175 2056 laudant,
2220 1988 2283 2041 et
2310 1982 2508 2054 quiea

394 2073 473 2115 aaa
497 2062 937 2137 adspernantur.
1001 2059 1143 2119 Inde
1183 2065 1450 2134 apparet,
1506 2058 1781 2120 Criticum
1821 2061 1901 2120 ibi
1941 2061 2052 2120 hac
2089 2058 2509 2133 significatione

506 2145 705 2199 nostra
744 2155 856 2197 non
899 2136 1029 2195 dici.
1109 2138 1231 2196 Iam
1273 2136 1429 2208 quod
1459 2137 1648 2195 minus
1676 2138 1967 2211 ambigue,
2005 2136 2144 2200 licet
2169 2153 2277 2211 per
2303 2137 2514 2204 iocum,
2590 2203 2595 2206 ,

506 2216 708 2276 scribit
748 2212 1035 2286 ciceron)
1051 2258 1067 2287 ,
1122 2216 1500 2271 Aristarchum
1542 2215 1767 2270 Homeri
1801 2235 1988 2270 versus
2025 2216 2329 2286 negavisse,
2384 2233 2513 2286 quos

505 2313 613 2350 non
647 2292 986 2363 probaverit,
1036 2308 1173 2349 num
1212 2291 1320 2350 hoc
1359 2290 1575 2350 certius
1616 2289 1923 2365 significat,
1975 2290 2299 2365 principem
2343 2289 2511 2348 Criti-

508 2386 702 2429 corum
724 2374 910 2427 artem
938 2361 1268 2440 corrigendi
1296 2367 1372 2425 ad
1397 2368 1547 2425 hunc
1571 2373 1833 2426 nostrum
1858 2368 2090 2427 modum
2118 2374 2177 2425 et
2198 2373 2508 2425 accuratae

510 2446 850 2520 disciplinae
877 2442 1179 2504 formulam
1208 2445 1576 2503 exercuisse?
1605 2461 1679 2504 an
1705 2445 1899 2518 potius
1929 2444 2167 2503 credere
2195 2461 2297 2502 nos
2328 2444 2505 2515 cogit,

507 2523 667 2581 illum
692 2523 963 2595 neglecta
991 2522 1178 2595 prima
1201 2522 1334 2593 lege
1359 2521 1642 2581 historiae
1668 2529 1924 2581 mutasse
1955 2528 2015 2580 et
2043 2521 2391 2594 expunxisse
2419 2536 2504 2591 ea,

507 2600 568 2658 in
607 2598 816 2672 quibus
856 2599 1143 2658 Homerus
1182 2614 1448 2671 peccare,
1487 2598 1624 2669 labi,
1669 2598 1984 2658 dormitare
2021 2596 2358 2656 videretur?
2411 2598 2512 2656 Se-

505 2691 651 2734 neca
689 2676 925 2748 quidem
968 2692 1067 2734 eos
1094 2691 1313 2747 versuS,
1353 2691 1497 2747 quos
1522 2674 1900 2734 Aristarchus
1926 2679 2260 2748 negaverat,
2304 2675 2508 2730 alienos

507 2751 752 2824 dicit12),
796 2752 1088 2811 Ausonius
1130 2751 1305 2810 etiam
1344 2750 1658 2842 epuri0x3¹³)‚
1699 2753 1985 2826 planeque
2025 2757 2193 2809 vetus
2221 2752 2503 2824 interpres

636 2917 707 2985 10)
745 2915 875 2983 Cap.
916 2913 1169 2969 XXXIII.

501 3067 558 3123 in
591 2999 891 3124 Piggnssgg'.
924 2998 994 3053 ad
1032 2998 1223 3053 Famil.
1258 2998 1359 3067 III,
1403 3003 1479 3054 11.
1521 2999 1673 3054 Conf.
1712 3000 2004 3054 earundem
2041 2998 2136 3066 IX,
2179 3001 2256 3052 10.
2283 3003 2339 3051 et
2365 2998 2508 3051 Orat.

640 3153 712 3222 1²)
751 3153 893 3222 Epp.
928 3151 1279 3208 LXXXVIII.
1317 3157 1453 3205 extr.
1493 3153 1787 3203 Aristarchi
1833 3161 2009 3213 notas,
2061 3151 2247 3217 quibus
2283 3148 2507 3201 aliena

508 3220 757 3274 Carmina
796 3224 1116 3288 compunxit,
1167 3220 1546 3287 recoynoacam?
1603 3218 1811 3287 Nempe
1844 3219 1904 3273 id
1938 3219 2180 3272 fecerant
2214 3216 2504 3271 faciebant-

503 3304 608 3358 que
647 3289 886 3343 Senecae
924 3296 1107 3343 aetate
1143 3290 1342 3356 plureS,
1378 3287 1519 3342 infra
1551 3287 1705 3343 nobis
1741 3286 2027 3342 indicandi.

641 3375 713 3443 13)
752 3374 898 3442 Epp.
935 3372 1136 3442 XVIII,
1162 3377 1243 3429 29.
1317 3373 1438 3427 Hoc
1474 3373 1615 3427 enim
1649 3389 1825 3440 versu,

749 3442 960 3510 Quique
995 3447 1151 3496 notas
1185 3441 1384 3510 spuriis
1417 3441 1660 3496 versibus
1695 3441 1964 3510 apposuit,
