2734 4000
1130 289 1199 297 —-
1248 258 1353 315 175
1416 282 1502 298 -—·

315 413 458 484 Quis
513 411 661 468 enim
710 411 881 469 tertio
921 427 1095 468 versu
1131 411 1392 483 patiatur
1432 406 1570 486 ἷφθί
1599 429 1698 474 ους
1736 416 2016 469 mutatum
2055 412 2117 469 in
2156 409 2306 488 ἰφθί-

218 514 223 521 ·
306 508 462 566 μων,
516 488 668 558 quod
718 487 855 545 alibi
903 485 1023 545 fere
1075 488 1134 544 in
1182 491 1357 560 poeta
1380 485 1449 557 ¹⁷)
1504 488 1525 543 i
1617 487 1954 547 vocabulum
1997 488 2068 546 de
2109 505 2304 561 perso-

317 566 407 624 nis
457 566 648 638 potius
702 581 872 636 quam
917 564 1089 622 rebus
1143 571 1202 622 et
1239 580 1519 634 nusquam
1576 564 1714 622 alibi
1754 565 1855 622 illa
1892 563 2075 625 forma
2113 567 2173 622 in
2225 564 2308 623 fe-

254 694 262 701 .
316 643 528 701 minino
570 658 781 713 genere
820 642 1088 712 legatur?
1168 648 1269 699 aut
1310 641 1359 698 si
1401 641 1527 711 quis
1568 658 1673 713 pro
1715 648 1919 712 quarto
1960 659 2128 700 versu
2156 643 2307 700 hunc

324 718 605 778 elumbem
653 725 895 791 poneret
952 715 1193 794 Τρώων,
1244 713 1454 781 αὐτοὺς
1501 714 1568 773 δὲ
1619 713 1834 794 ἑλώρια
1873 739 1921 776 τ.
1964 739 2018 774 κ.
2073 720 2172 776 ubi
2220 715 2308 775 ἑλ-

321 794 501 872 λώρια
549 795 790 868 primam
840 795 1186 868 produceret
1223 795 1379 852 nullo
1421 800 1672 852 auctore.
1751 795 1899 853 Nam
1941 797 2076 867 quia
2105 795 2305 853 eadem

319 890 414 931 res
454 874 514 929 in
566 869 803 951 Ἀχιλεύς
841 878 900 930 et
940 878 1027 930 tot
1078 873 1208 929 aliis
1249 870 1438 930 verbis
1479 872 1694 929 usitata
1734 878 1840 945 est,
1890 889 2003 931 non
2042 874 2309 932 continuo

322 951 446 1007 sine
488 949 763 1021 exemplis
804 950 917 1007 alio
957 946 1257 1006 transferri
1298 953 1516 1020 potest:
1560 943 1715 1024 ἕλωρ
1756 955 1948 1007 autem
1988 966 2099 1009 non
2125 949 2309 1021 magis

323 1043 494 1098 quam
553 1026 787 1083 verbum
850 1021 997 1081 ἑλεῖν
1018 1025 1090 1096 1⁸)
1142 1025 1296 1098 apud
1345 1025 1523 1081 ullum
1572 1031 1802 1097 poetam
1850 1027 2091 1098 primam
2142 1028 2309 1099 sylla-

2342 698 2440 727 Q
2449 680 2644 725 wast-⁸⁴3

2393 746 2602 838 &aff-¹·

2352 780 2582 891 {aasz

325 1104 458 1161 bam
499 1102 786 1175 producit,
824 1103 916 1161 vel
955 1107 1359 1161 consonantem
1400 1101 1657 1174 duplicat
1670 1121 1688 1158 ε·
1726 1108 1827 1160 aut
1866 1103 1915 1160 si
1956 1105 2081 1174 quis
2122 1103 2310 1161 verbis
2385 1090 2408 1109 ²

320 1180 683 1238 commutatis
724 1179 1006 1237 scriberet
1058 1175 1196 1255 ἅλγε
1249 1173 1458 1256 ἔτευχε
1499 1184 1558 1236 et
1598 1176 1745 1256 θῆκε
1784 1175 2084 1238 κύνεσσινὲ
2162 1180 2312 1238 Illud

321 1258 473 1316 enim
522 1257 814 1328 vulgatum
873 1253 1013 1332 ἄλγε
1060 1250 1243 1334 ἔθηκε
1302 1255 1492 1313 firmat
1538 1254 1727 1328 Apoll.
1776 1256 1940 1314 Alex.
1993 1256 2122 1328 (sub
2171 1273 2312 1316 voce

321 1327 559 1410 ἔθηκεν)
599 1333 867 1405 Fulgent.
911 1334 982 1390 de
1023 1333 1302 1404 allegoria
1342 1332 1571 1404 Virgilii
1627 1332 1742 1404 (ed.
1785 1332 2037 1391 Munker
2074 1352 2129 1406 p.
2176 1337 2309 1406 146)

325 1411 444 1469 alii.
521 1411 613 1467 Ita
660 1409 907 1481 denique
958 1408 1206 1482 frigidae
1257 1410 1642 1468 correctiones
1683 1410 1973 1483 Apollonii
2024 1411 2209 1469 Rhod.
2252 1418 2312 1470 et

324 1486 631 1556 Zenodoti,
683 1484 948 1564 κεφαλάς·
985 1504 1089 1559 pro
1129 1483 1354 1565 ψυχάς,
1406 1484 1573 1542 δαῖτα
1620 1504 1725 1558 pro
1777 1489 1914 1542 πᾶσι
1963 1488 2104 1545 nihil
2155 1488 2311 1546 aliud

323 1580 498 1636 quam
548 1564 909 1635 vulgatarum
960 1565 1373 1636 scripturarum
1419 1568 1767 1621 vetustatem
1820 1563 2165 1622 confirmant.
2246 1566 2314 1622 In

326 1641 787 1719 interpunctione
846 1641 1050 1699 vellem
1098 1641 1268 1714 plane
1321 1641 1484 1710 sequi
1533 1641 1736 1698 liceret
1788 1658 2002 1698 morem
2055 1649 2312 1699 veterum

326 1735 428 1790 qul
497 1735 624 1775 eam
691 1734 804 1776 non
872 1718 1311 1777 constructionis
1385 1716 1726 1774 indicandae
1784 1719 1887 1775 sed
1949 1719 2122 1776 solius
2184 1736 2313 1791 pro-

328 1778 1851 1883 nupfflfflsamm
1891 1796 2061 1866 vulgo
2101 1801 2313 1853 utram-

326 1887 441 1943 que
510 1887 632 1929 rem
693 1872 984 1943 sapienter
1052 1871 1401 1944 conjungere
1465 1870 1647 1928 videri
1704 1871 1960 1930 volumus
1984 1917 1998 1944 ‚
2072 1889 2143 1929 ex
2203 1889 2313 1943 quo

325 1948 488 2020 justo
537 1948 732 2021 plures
786 1953 845 2006 et
895 1965 1294 2021 nonnunquam
1346 1948 1738 2021 ineptissimae
1790 1947 2181 2008 distinctiones
2232 1950 2319 2007 in-

330 2026 560 2084 terdum
608 2025 878 2084 inductae
929 2033 1085 2098 sunt3
1167 2042 1308 2098 quas
1357 2027 1427 2082 iis
1477 2042 1652 2097 saepe
1708 2026 1848 2083 locis
1897 2028 2145 2085 intactas
2185 2028 2318 2084 reli-

332 2104 457 2174 qui,
508 2102 608 2161 ubi
657 2119 769 2160 non
820 2120 1055 2176 prorsus
1105 2104 1336 2160 inutiles
1354 2102 1426 2173 19)
1479 2108 1674 2160 essent
1721 2103 1824 2159 sed
1879 2104 2016 2160 alibi
2057 2110 2319 2162 constan-

331 2186 427 2237 ter
440 2178 758 2252 2⁰)-sustuli‚
779 2181 877 2237 ubi
898 2180 1102 2239 bonam
1122 2179 1652 2252 pronunciationem
1672 2179 1845 2237 etiam
1866 2180 2213 2253 impedirent
2224 2179 2317 2253 ²¹).

332 2257 481 2315 Nam
533 2254 903 2334 frequentant
952 2274 1051 2315 eas
1103 2256 1274 2314 hodie
1315 2257 1575 2328 plerique
1616 2288 1692 2297 —-
1732 2257 1906 2314 etiam
1945 2257 2043 2315 ubi
2083 2273 2318 2330 prorsus

332 2334 566 2405 ineptae
631 2339 765 2391 sunt
827 2341 886 2391 et
943 2335 1156 2392 rationi
1204 2339 1595 2406 repugnantes
1646 2350 1697 2390 v.
1750 2349 1799 2390 c.
1849 2334 2319 2406 ineptississimas

334 2415 470 2468 ante
510 2426 678 2468 voces
720 2411 1043 2483 encliticaS‚
1092 2426 1331 2482 quarum
1385 2410 1872 2482 pronunciationis
1909 2411 2054 2469 haec
2094 2417 2183 2468 est
2221 2428 2320 2470 na-

333 2492 494 2558 tura,
556 2492 622 2544 ut
678 2487 801 2545 sine
861 2488 979 2546 ullo
1036 2487 1338 2546 intervallo
1402 2503 1531 2544 cum
1590 2487 2061 2546 antecedentibus
2117 2494 2321 2561 puten-

340 2561 546 2634 turm:
626 2569 692 2622 ut
737 2564 945 2636 Hymn.
995 2565 1056 2621 in
1107 2564 1234 2623 Ger.
1264 2571 1401 2630 ,338
1452 2568 1512 2621 et
1551 2569 1661 2622 349
1713 2559 1871 2640 ὄφρα
1908 2561 1941 2620 ἑ
1973 2562 2176 2643 μήτηρ.
2251 2565 2320 2622 Id

338 2656 407 2699 eo
449 2645 539 2698 est
577 2640 910 2713 absurdiuS,
952 2642 1088 2713 quia
1143 2639 1378 2699 fuerunt
1423 2641 1558 2700 olim
1609 2641 1706 2712 qui
1755 2647 2144 2713 paroxytonae
2195 2642 2321 2700 voci

335 2716 591 2789 priorem
653 2718 882 2789 longam
941 2717 1179 2777 habenti
1227 2718 1513 2791 duplicem
1564 2722 1858 2775 accentum
1879 2717 1953 2791 ²³)
2006 2719 2213 2778 darent
2262 2724 2323 2776 et

336 2794 398 2850 in
446 2793 555 2852 hoc
605 2810 817 2865 genere
868 2795 1128 2853 ultimam
1177 2795 1456 2867 syllabam
1510 2794 1904 2853 antecedentis
1954 2796 2108 2855 vocis
2150 2807 2318 2854 acue·

336 2875 485 2929 rent.
565 2871 731 2942 Quod
769 2872 829 2928 in
867 2871 1175 2930 Eustathio
1215 2872 1476 2930 Romano
1536 2875 1597 2928 et
1644 2872 1703 2927 in
1743 2872 1961 2942 aliquot
1999 2873 2126 2930 aliis
2166 2877 2322 2930 vete-

335 2946 496 3005 ribus
535 2947 696 3005 libris
738 2964 913 3022 saepe
953 2954 1287 3021 usurpatum
1328 2964 1438 3020 ego
1478 2948 1558 3005 ibi
1585 2945 1797 3006 imitari
1824 2955 2044 3007 rectum
2072 2955 2212 3022 puto
2225 2948 2319 3021 24),

337 3023 438 3082 ubi
476 3024 841 3097 ambiguitati
880 3026 1070 3097 aliquo
1109 3025 1278 3085 modo
1288 3023 1363 3097 ²⁵)
1404 3025 1817 3083 occurrendum
1855 3025 2175 3084 videbatur.
2240 3026 2324 3085 Ut

338 3100 440 3158 ubi
478 3106 611 3174 post
648 3096 806 3178 ὄφρα
857 3108 1272 3175 paroxytonum
1311 3102 1573 3173 sequitur
1609 3100 1686 3173 οἷς
1766 3103 1917 3173 quod
1954 3109 2146 3161 utrum
2186 3103 2323 3162 arti-

477 3280 549 3348 1'1)
598 3294 632 3333 a
670 3278 744 3333 ud
788 3283 1020 3349 poetam.
1227 3281 1298 3349 18)
1347 3279 1502 3331 ἐλεαί
1536 3298 1595 3332 ω.
1798 3281 1867 3345 19)
1913 3297 2078 3350 quum
2112 3287 2321 3335 tantum

342 3295 727 3403 incommodae.
931 3348 1003 3414 2⁰)
1030 3348 1183 3427 fiatis.
1388 3347 1459 3415 ²1)
1530 3361 1665 3400 onae
1699 3350 2127 3417 pronunciationi
2162 3351 2322 3404 etiam

343 3421 614 3469 nocerent.
815 3416 888 3484 22)
923 3422 1335 3485 comungantur.
1538 3415 1612 3483 2³)
1646 3420 1902 3471 tenorem.
2105 3418 2177 3485 24)
2213 3433 2321 3472 non

343 3482 703 3562 spernendum
736 3484 941 3554 putavi.
1142 3484 1214 3554 ²⁵)
1249 3484 1339 3539 ita
