2734 4000
1153 192 1505 251 —16'7—

330 346 615 418 Denique,
643 345 779 418 quid
819 345 925 403 hoc
966 350 1071 417 est,
1111 345 1263 417 quod
1301 353 1420 403 tam
1459 343 1791 417 frequenter
1830 346 1888 402 in
1931 346 2179 418 egregiis
2206 346 2321 403 illis
2348 357 2425 399 271

336 423 582 482 Scholiis
609 423 871 495 legimuS,
898 421 1250 482 Zenodotum
1278 428 1337 480 et
1361 422 1806 496 Aristophanem
1834 421 2053 495 aliquid
2079 442 2119 478 π
2155 442 2187 478 ο
2227 421 2324 479 θε-

301 497 570 591 ffljs‘fflc
608 501 643 555 i.
687 516 736 556 e.
778 509 898 554 ante
924 503 1206 570 necavisse,
1249 502 1451 555 obelum
1492 499 1931 571 antecepi5oe57)?
1974 442 2336 558 Cul‘lffif:

335 594 519 636 secro.
599 578 748 635 Num
801 577 1132 647 cuiusquam
1183 576 1328 634 alius
1382 592 1552 647 quam
1594 577 1743 648 eiuS,
1785 578 1883 649 qui
1923 594 2065 634 unus
2106 577 2319 635 studio·

336 654 563 713 Sissime
590 654 826 709 Homero
856 656 1053 708 cultum
1081 654 1361 724 quaesisse,
1406 656 1694 726 obelosque‚
1735 657 2044 724 spuriorum
2071 657 2325 725 xtiymata
2349 664 2427 706 2⁷2

334 742 553 802 vatum,
577 729 1016 804 ·propemodum
1065 730 1349 789 invenisse
1401 730 1655 788 creditus
1699 729 1828 790 est?
1904 729 2078 789 Haud
2117 746 2321 788 vereor

334 808 536 880 igitur,
576 824 648 865 ne
677 808 1007 866 coniectura
1034 806 1313 879 aberrem,
1355 808 1405 864 si
1432 809 1610 866 multo
1638 808 1911 867 maiorem
1938 814 2163 881 partem
2189 808 2327 866 isto·
2345 862 2358 879 ,

333 903 465 943 rum
506 884 797 943 obelorum
839 884 913 943 ad
952 883 1348 942 Aristarchum
1388 886 1679 957 pertinere
1721 885 1924 943 dicam.
2001 886 2150 943 Nam
2189 901 2326 943 non—

335 963 480 1019 nulli
530 979 667 1019 sane
719 961 902 1019 videri
958 961 1180 1033 possint
1217 961 1528 1019 Aristonici
1569 978 1696 1020 esse
1736 963 1827 1020 vel
1870 963 2111 1020 aliorum
2153 962 2326 1019 etiam

337 1039 751 1110 antiquiorum,
813 1054 1051 1110 quorum
1111 1039 1442 1096 memoriam
1500 1037 1815 1114 παράδοσις
1876 1039 2149 1098 obruerit.
2240 1038 2327 1095 Ac

338 1116 536 1188 cupiat
573 1117 657 1173 ita
695 1132 815 1173 rem
859 1131 1007 1182 esse,
1046 1116 1301 1187 quisquis
1341 1113 1498 1173 favet
1537 1132 1744 1188 magno
1784 1117 2027 1175 nomini:
2078 1114 2224 1174 adeo
2263 1115 2325 1172 in

343 1193 463 1250 illis
505 1194 683 1251 multa
724 1199 856 1250 sunt
894 1192 1208 1265 specimina
1246 1193 1621 1264 pravissimae
1661 1194 2024 1251 temeritatis.

493 1269 725 1329 Etenim
785 1287 984 1328 versus
1045 1270 1103 1326 in
1162 1268 1358 1327 codice
1401 1265 1772 1346 ὠβελισμένοι
1833 1275 1965 1328 sunt
2020 1269 2326 1328 admodum

312 1348 486 1429 ἕως
516 1363 916 1418 numerusque
964 1344 1210 1404 fortasse
1265 1347 1558 1417 aliquanto
1598 1348 1781 1405 maior
1821 1353 2002 1419 esset,
2056 1348 2106 1404 si
2146 1345 2330 1404 codex

341 1430 604 1481 servatus
649 1430 804 1482 esset
843 1425 1084 1495 integer.
1150 1423 1424 1481 Attamen
1463 1440 1534 1481 ne
1575 1424 1735 1481 illum
1776 1424 2007 1495 quidem
2032 1439 2329 1481 numerum

341 1516 449 1573 per
498 1517 560 1558 se
608 1501 841 1559 nimium
888 1507 1086 1573 putem
1135 1517 1241 1572 pro
1289 1499 1443 1558 fama
1492 1500 1644 1566 obeli
1690 1501 2063 1559 Aristarchei.
2160 1501 2329 1558 Hunc

343 1584 535 1635 autem
576 1582 640 1635 ut
678 1592 1119 1650 cognoscamus,
1171 1593 1407 1635 necesse
1450 1584 1538 1635 est
1577 1579 1719 1636 talia
1759 1594 2099 1649 quaeramus
2142 1593 2328 1635 exem—

342 1655 458 1727 pla,
500 1671 647 1726 quae
685 1654 1022 1714 Aristarcho
1063 1660 1224 1712 certa
1263 1652 1377 1712 fide
1419 1654 1837 1716 adscribuntur.
1915 1656 2118 1727 Neque
2159 1655 2217 1712 in
2257 1654 2328 1711 iis

341 1732 485 1803 ipsis
525 1731 664 1790 nihil
704 1733 1022 1804 reperitur,
1079 1731 1231 1804 quod
1269 1733 1464 1804 nobis,
1516 1733 1612 1804 qui
1652 1748 1759 1789 nec
1796 1730 1983 1791 fontes
2025 1733 2176 1803 eius,
2225 1747 2334 1789 nec
2358 1752 2434 1793 273

342 1825 548 1866 causas
601 1810 996 1882 castigationis
1052 1825 1247 1867 omnes
1288 1810 1580 1875 novimuS‚
1630 1810 1996 1867 temerarium
2038 1815 2099 1868 et
2137 1808 2209 1867 ab
2249 1808 2332 1865 in-

342 1886 494 1957 signi
546 1886 855 1945 insolentia
906 1884 1225 1959 profectum
1280 1886 1464 1943 videri
1515 1886 1741 1944 debeat.
1821 1886 2034 1944 Verum
2090 1902 2202 1945 non
2243 1890 2334 1944 est

342 1962 510 2020 huius
552 1962 680 2035 loci,
723 1963 795 2022 de
834 1963 943 2023 hoc
972 1979 1184 2036 genere
1212 1970 1482 2022 accurate
1511 1962 1841 2038 disputare:
1883 1965 2079 2036 itaque
2106 1962 2334 2038 potiora

352 2039 635 2112 quaedam
673 2042 882 2099 leviter
919 2041 1391 2114 perstringamus.

498 2117 806 2177 Ordiamur
845 2119 916 2177 ab
961 2119 1249 2191 extremis,
1287 2112 1617 2196 Ὁμηρικῶς,
1657 2124 1722 2176 ut
1760 2120 1936 2176 aiunt.
2013 2119 2169 2176 Nota
2209 2124 2336 2176 erat

344 2192 457 2252 iam
498 2194 712 2253 dudum
754 2213 825 2254 ex
849 2196 1157 2254 Eustathio
1180 2203 1239 2253 et
1267 2196 1395 2253 aliis
1425 2192 1701 2273 ἀθέτησις
1728 2212 1994 2253 versuum
2022 2195 2093 2253 de
2120 2193 2333 2254 iudicio

342 2269 571 2328 Paridis
601 2293 668 2328 ω.
683 2279 947 2345 24-30.,
975 2271 1144 2331 modo
1167 2273 1372 2331 auctor·
1388 2269 1728 2351 ἀθετὴσεως
1746 2272 2137 2344 ignorabatur,
2167 2289 2337 2344 quem

343 2347 738 2406 Aristarchum
791 2366 917 2408 esse
968 2366 1118 2407 nunc
1167 2351 1562 2422 comperimus.
1641 2350 1854 2408 Abeo
1907 2351 2083 2423 igitur
2136 2355 2336 2408 notata

345 2432 476 2483 sunt
515 2427 572 2482 in
611 2427 784 2485 istum
823 2429 1008 2485 locum
1052 2433 1110 2484 et
1149 2428 1265 2485 alia
1304 2426 1588 2499 quaedam
1629 2444 1767 2485 sane
1807 2427 2041 2499 leviora,
2108 2432 2167 2485 et
2206 2426 2331 2495 hoc,

479 2605 549 2668 ⁵⁷>
586 2603 722 2657 vide
760 2603 829 2657 aa
865 2604 910 2657 λ.
945 2607 1061 2658 356.
1099 2608 1217 2658 515.
1255 2602 1302 2663 ε.
1338 2608 1422 2658 95.
1460 2607 1576 2657 218.
1612 2585 1930 2659 817-827.
1980 2622 2023 2654 0.
2066 2604 2177 2656 147.
2223 2604 2335 2655 148.

345 2692 396 2726 σ.
433 2676 653 2726 39-49.
690 2690 736 2725 τ.
773 2675 890 2726 327.
929 2676 986 2738 ψ.
1021 2676 1139 2726 824.
1175 2676 1292 2726 825.
1331 2692 1389 2725 ω.
1428 2675 1461 2725 e
1532 2677 1580 2727 9.
1615 2675 1901 2727 614—617.
1939 2672 2029 2724 ubi
2065 2676 2209 2737 nota,
2245 2686 2333 2724 vo-

346 2740 533 2795 cabulo
574 2760 610 2791 π
717 2742 948 2807 θέτηται
983 2756 1023 2793 s.
1059 2743 1363 2811 προηθεῖτο
1398 2741 1511 2794 fere
1545 2741 1912 2809 praepositum
1949 2755 2064 2806 esse
2102 2738 2338 2792 usitatis·

347 2810 535 2863 simum
589 2759 721 2861 iffiffl
781 2810 865 2859 <129
885 2814 1170 2861 ετεῖται.
1255 2808 1512 2862 Eiusdem
1575 2809 1785 2877 generis
1836 2815 1890 2861 et
1936 2805 2340 2875 significationis

347 2883 471 2930 sunt
505 2877 624 2944 loci,
662 2877 753 2929 ubi
789 2883 871 2929 est
906 2879 1160 2948 ὴθετεῒτο
1196 2877 1306 2928 καὶ
1354 2877 1504 2945 παρὰ
1541 2877 1844 2947 Ζηνοδότῳ,
1882 2876 1987 2927 καὶ
2022 2878 2155 2943 παρ’
2194 2874 2341 2944 Ἀρι·
2399 2935 2405 2944 ⁸

346 2946 633 3013 στοφάνει,
682 2947 792 2998 Sive
830 2946 989 2996 οὐδὲ
1025 2947 1118 3015 ἦν,
1166 2945 1326 2997 οὐδὲ
1364 2947 1669 3015 ἐγράφετο,
1725 2945 1881 2998 οὐδὲ
1918 2946 2155 3012 ἐφέρετο
2189 2943 2342 3012 παρὰ

349 3012 429 3074 Z..
483 3012 611 3081 παρ’
669 3014 1068 3082 Ἀριστοφάνει.
1140 3013 1275 3067 Vide
1319 3016 1374 3067 29.
1418 3018 1529 3068 164.
1581 3019 1691 3070 189.
1738 3018 1853 3068 235.
1909 3016 2026 3066 284.
2065 3014 2183 3066 371.
2219 3014 2338 3066 528.

350 3101 380 3135 ι.
404 3085 487 3135 23.
523 3085 641 3135 416.
676 3100 723 3134 κ.
742 3085 859 3135 240.
896 3085 1012 3137 387.
1050 3086 1167 3138 397.
1201 3086 1320 3137 498.
1359 3082 1407 3135 λ.
1433 3086 1514 3138 78.
1553 3086 1668 3138 766.
1707 3091 1804 3136 etc.
1879 3081 1957 3134 Cf.
1996 3100 2027 3133 ι.
2046 3083 2342 3134 684-688.

348 3168 392 3203 κ.
429 3153 545 3204 253.
583 3150 628 3203 λ.
672 3154 783 3204 180.
822 3169 871 3203 σ.
908 3154 1029 3206 597.
1055 3167 1133 3219 sq.
1170 3169 1225 3219 φ.
1268 3154 1380 3204 130.
1452 3150 1695 3218 Quatuor
1730 3157 1936 3203 tantum
1974 3154 2068 3204 aut
2104 3147 2340 3216 quinque

350 3218 480 3272 locis
516 3234 710 3271 nomen
744 3218 1049 3274 Aristarchi
1084 3220 1383 3273 subiectum
1423 3227 1504 3272 est
1540 3220 1660 3286 illis,
1697 3226 1757 3271 ut
1794 3238 1824 3271 ι.
1862 3221 1978 3272 684.
2048 3216 2199 3270 Haec
2233 3232 2342 3270 om·

349 3286 438 3408 {gia
474 3287 809 3409 qgihmlecutm
850 3289 1209 3409 percurrerit,¹2
1248 3303 1355 3409 ndm
1394 3287 1770 3407 dffibitatummz
1794 3293 1943 3368 puto,
1980 3286 2108 3353 quin
2133 3283 2341 3404 ἓξὲἓιὲῖ.

347 3370 480 3493 negt}
496 3370 834 3486 agga-1222?
871 3371 1275 3477 ἒθῗῌῗένῗέἲηᾶ
1347 3376 1435 3408 con
1477 3369 1651 3409 uorem
1684 3374 1750 3407 vu
1768 3374 1915 3423 φινκε
1949 3372 2142 3406 recen-32
