2734 4000
1226 263 1662 315 .-—162-

394 420 473 464 au
507 410 581 469 de
641 409 1049 483 probabilitate
1101 410 1267 468 huius
1316 411 1495 469 totius
1548 410 1783 468 criticae
1832 413 2074 471 rationis
2114 429 2228 473 non
2268 414 2491 484 quaeri-

500 504 657 558 mus;
707 503 814 545 nec
862 487 1108 545 materia
1159 493 1348 545 exstat
1387 487 1719 560 quaerendi.
1797 489 1946 547 Nam
1988 496 2049 547 et
2087 491 2179 547 hic
2219 490 2489 561 quodam-

497 564 666 623 modo
719 566 909 618 ruinae
956 567 1241 635 perier-unt.
1332 563 1624 622 Habemus
1675 581 1824 622 nunc
1863 566 2177 625 Homerum
2215 568 2273 623 in
2313 568 2487 624 mani-

497 641 637 713 bus,
678 657 790 699 non
832 640 929 712 qui
968 640 1150 712 viguit
1188 642 1246 698 in
1287 657 1388 700 ore
1430 640 1781 700 Graecorum
1821 659 2085 715 suorum,
2137 644 2239 701 sed
2276 643 2410 701 inde
2454 660 2489 702 a

498 718 722 778 Solonis
780 717 1132 790 temporibus
1196 733 1378 789 usque
1445 717 1519 775 ad
1577 718 1722 776 haec
1760 719 2154 778 Alexandrina
2208 725 2489 778 mutatum

498 795 677 866 varie,
719 795 1145 868 interpolatum,
1186 795 1531 867 castigatum
1573 801 1632 852 et
1673 796 2053 854 emendatum.
2131 797 2199 855 Id
2225 813 2257 855 e
2285 797 2493 854 disiec-

500 873 575 930 tis
617 870 956 944 quibusdam
996 870 1223 929 indiciis
1263 873 1380 930 iam
1420 871 1636 929 dudum
1676 871 1921 932 obscure
1948 873 2291 946 colligebant
2309 874 2490 932 homi·

394 974 471 1017 „5
506 965 609 1007 nes
650 948 805 1007 docti
847 954 904 1005 et
944 947 1237 1019 sollertes3
1291 964 1441 1006 nunc
1479 950 1537 1006 in
1580 965 1752 1006 unum
1793 951 2126 1009 coniunctae
2166 967 2330 1010 voces
2370 968 2490 1010 om-

496 1027 651 1083 nium
690 1031 1010 1098 temporum
1048 1031 1350 1097 testantur,
1392 1032 1451 1083 et
1488 1024 1742 1097 loquitur
1777 1028 2036 1087 historia.

498 1239 532 1276 a
567 1221 711 1275 nullo
751 1220 965 1274 illorum
1000 1218 1271 1273 adhibitus
1319 1219 1391 1272 sit
1423 1219 1494 1273 ad
1527 1220 1803 1287 vulgarem
1839 1225 2049 1273 textum
2084 1219 2487 1274 emendandum.

501 1290 712 1345 Numne
748 1288 1028 1342 Athenaeo
1074 1288 1247 1341 minus
1295 1303 1455 1356 quam
1490 1287 1776 1342 Plutarcho
1811 1286 1970 1341 fidem
2005 1287 2298 1342 habendam
2333 1294 2493 1355 puta-

497 1357 666 1414 bant?
712 1358 788 1410 At
823 1363 1050 1425 uterque
1088 1372 1185 1410 sua
1217 1355 1404 1410 retulit
1440 1371 1509 1409 ex
1546 1355 1952 1410 Commentariis
1986 1364 2242 1424 veterum,
2278 1356 2489 1410 Plutar—

498 1427 632 1482 chus
666 1425 889 1479 forsitan
924 1441 992 1478 ex
1027 1424 1340 1492 Stoicorum,
1378 1424 1467 1477 ille
1506 1439 1575 1477 ex
1599 1423 2093 1478 Grammaticorum.
2162 1425 2300 1478 Nam
2325 1424 2491 1479 Scho-

499 1496 574 1549 lia
605 1493 694 1548 hic
730 1508 940 1563 quoquc
976 1498 1175 1559 tacere,
1211 1509 1319 1546 non
1353 1493 1543 1545 mirum
1582 1491 1678 1561 est,
1715 1493 1967 1560 quoniam
2003 1509 2068 1547 ea
2102 1493 2157 1545 in
2192 1500 2306 1547 tota
2341 1490 2394 1548 Σ.
2437 1501 2495 1547 et

546 1562 747 1617 roxime
785 1577 895 1630 seq.
919 1562 1098 1629 rhaps.
1123 1560 1407 1616 admodum
1446 1577 1636 1614 manca
1672 1568 1795 1619 sunt
1831 1567 1886 1614 et
1919 1562 2221 1629 interrupta
2253 1562 2381 1614 vitio
2407 1577 2496 1616 co-

538 1632 644 1686 'cis
714 1629 828 1683 Iam
864 1636 925 1683 ut
958 1630 1145 1698 paucis
1180 1645 1294 1684 rem
1328 1644 1646 1698 persequar,
1697 1629 2042 1684 Aristarchus
2078 1630 2132 1682 in
2168 1629 2330 1684 Scuto
2368 1634 2492 1684 604.

501 1706 625 1769 post
657 1699 878 1752 verbum
913 1699 1236 1767 τερπόμενοι
1269 1713 1364 1751 seu
1400 1698 1736 1764 τερπόμενος
1770 1697 1968 1752 delevit
2003 1697 2323 1752 mentionem
2359 1717 2489 1751 can-

501 1771 640 1830 toris,
682 1764 833 1820 Μετὰ
868 1768 929 1819 δέ
966 1785 1092 1835 σφιν
1131 1767 1398 1830 ἐμέλπετο
1431 1768 1584 1825 θεῖος
1607 1767 1790 1826 ἀοιδὸς
1812 1763 2109 1837 Φορμίζων,
2144 1765 2240 1819 sed
2270 1767 2500 1835 reliquit

503 1851 689 1891 rursus
723 1836 866 1889 hunc
901 1850 1113 1889 versum
1147 1836 1204 1888 in
1239 1835 1493 1903 Odyssea,
1540 1851 1703 1902 quum
1739 1834 1860 1888 illos
1895 1842 2021 1903 treS‚
2071 1853 2135 1886 τε
2176 1837 2394 1899 πόμενοι
2430 1865 2499 1875 -

503 1907 766 1971 μέσσους,
812 1904 868 1958 in
922 1904 1101 1972 quarti
1153 1904 1275 1957 libri
1327 1902 1648 1982 principium
1696 1902 2040 1968 transferret,
2095 1919 2128 1955 a
2166 1903 2290 1956 ditis
2343 1903 2497 1968 adeo,

505 1973 685 2027 nescio
740 1972 879 2026 unde
899 2013 912 2040 ‚
967 1971 1207 2040 duobus,
1259 1988 1353 2040 qul
1407 1987 1546 2025 nunc
1602 1980 1952 2025 numerantur
2003 1971 2231 2039 proximi
2292 1977 2366 2026 15.
2420 1976 2497 2027 16.

507 2041 821 2121 Quanquam
857 2041 959 2094 hac
994 2042 1049 2094 in
1084 2057 1142 2094 re
1179 2042 1360 2094 forsan
1386 2040 1584 2094 erravit
1608 2040 1939 2107 AthenaeuS,
1975 2042 2083 2094 sive
2121 2040 2181 2109 is,
2218 2056 2373 2108 quem
2406 2039 2497 2092 ille

512 2110 810 2177 exscripsit.
882 2110 1018 2162 Tum
1053 2109 1282 2163 Criticus
1320 2109 1395 2163 ibi
1442 2109 1780 2162 insimulatur
1825 2125 1923 2176 pro
1970 2109 2201 2176 genitivo
2238 2108 2497 2179 ἐξάρχον-

506 2196 616 2245 τος,
653 2178 744 2246 qui
780 2177 904 2231 olim
941 2185 1249 2231 constanter
1282 2178 1454 2231 lectus
1492 2177 1561 2230 ad
1600 2183 1869 2231 cantorem
1907 2178 2160 2245 pertinet,
2196 2175 2383 2230 fecisse
2406 2193 2498 2230 no·

511 2247 823 2299 minativum
876 2246 1235 2318 ἐξάργοντεςε
1291 2248 1446 2314 quasi
1493 2246 1779 2299 saltatores
1828 2245 1934 2300 dici
1979 2252 2196 2312 possent
2242 2244 2495 2316 ἐξάρχειν

506 2315 728 2383 μολπῆς.
799 2313 937 2367 Nam
968 2307 1248 2435 {ii-'oprium
1282 2315 1339 2369 id
1374 2321 1456 2368 est
1492 2313 1634 2382 eiuS,
1683 2314 1775 2381 qui
1812 2314 2019 2367 cithara
2053 2314 2140 2367 vel
2173 2312 2305 2366 tibia
2338 2312 2496 2379 canit,

509 2398 606 2436 seu
638 2381 904 2450 praecinit
939 2399 968 2436 c
1008 2399 1118 2437 or0.
1195 2383 1269 2437 Ut
1316 2398 1458 2437 nunc
1503 2398 1587 2451 ap.
1631 2382 1924 2436 Pindarum
1961 2388 2085 2435 sunt
2122 2380 2498 2450 ἀναξιφόρμιγ-

506 2469 603 2520 γες
638 2452 820 2530 ὕμνοι,
866 2451 944 2504 ita
979 2451 1103 2504 olim
1140 2451 1285 2520 apud
1317 2452 1548 2507 eundem
1598 2457 1753 2504 erant
1786 2451 2007 2521 ἀγεσίχο
2046 2468 2081 2501 α
2114 2451 2390 2519 προοίμια,
2444 2455 2498 2501 et

505 2520 649 2588 apud
684 2518 1043 2574 Stesmhorum
1079 2519 1479 2590 ἀρχεσίμολπος
1502 2516 1703 2572 Μοῦσα.
1760 2518 1826 2571 In
1863 2534 1967 2586 quo
2014 2519 2122 2571 icet
2147 2517 2491 2571 Aristarchus

507 2588 866 2642 coniecturam
913 2603 1064 2641 suam
1114 2587 1298 2642 forsan
1340 2589 1483 2642 tueri
1526 2588 1792 2656 potuisset
1833 2587 2074 2641 doctiore
2118 2585 2498 2655 significatione

511 2656 733 2725 μολπῆς,
771 2661 843 2721 (v.
879 2656 1127 2724 Apollon.
1165 2656 1300 2712 Lex.
1335 2673 1387 2711 v.
1422 2657 1758 2724 μέλπεσθαι,)
1794 2672 1902 2709 non
1937 2654 2122 2709 dubito
2158 2662 2336 2709 tamen
2369 2653 2499 2707 mul-

509 2724 581 2777 tis
627 2723 693 2778 de
742 2723 915 2778 causis
962 2724 1211 2778 assentiri
1255 2724 1729 2792 reprehensoribus
1773 2723 1931 2777 illius
2004 2727 2066 2777 In
2105 2723 2341 2792 Odyssea
2372 2736 2499 2775 vero

508 2792 614 2846 illis
647 2791 889 2846 versibus
923 2793 1015 2845 vix
1063 2792 1211 2847 locus
1260 2799 1378 2847 erat
1411 2798 1636 2862 propter
1668 2808 1762 2859 ea,
1813 2805 1953 2860 quae
2001 2792 2277 2845 verissime
2322 2797 2502 2845 monet

511 2860 710 2916 Athen.
756 2877 810 2929 p.
850 2860 1040 2914 181.E.
1109 2860 1184 2914 Et
1266 2860 1375 2915 uod
1419 2863 1479 2913 ἐκ
1526 2865 1626 2914 τοῦ
1675 2856 1949 2930 Κρητικοῦ
1993 2863 2165 2930 χοροῦ
2210 2860 2299 2913 τὸν
2345 2860 2501 2930 φ’δὸν

511 2930 733 2996 ἐξεῖλεν,
768 2929 927 2982 huius
962 2929 1040 2981 rei
1073 2929 1244 2997 proba
1281 2929 1408 2983 ilem
1441 2930 1702 2983 rationem
1737 2929 1937 2982 nullam
1974 2928 2359 2990 comminiscor,
2409 2942 2502 2981 an-

514 2998 720 3053 daciam
756 3005 935 3051 autem
972 2998 1273 3065 corrigendi
1308 3004 1364 3051 et
1398 2997 1615 3051 limandi
1648 3014 1803 3051 nemo
1840 3013 1946 3050 non
1977 2995 2229 3064 intelligit
2246 2997 2504 3064 insignem

521 3082 655 3121 esse.
725 3066 801 3119 At
837 3066 996 3119 etiam
1032 3067 1305 3127 maiorem,
1354 3073 1543 3134 utpote
1579 3071 1725 3120 certe
1760 3064 2004 3133 pluribus
2040 3072 2096 3117 et
2130 3064 2504 3132 pulcherrimis

512 3133 756 3188 versibus
809 3133 1126 3198 minantem,
1172 3134 1418 3188 adhibuit
1466 3133 1733 3188 Diodorus
1777 3132 1960 3186 Aristo
2000 3132 2231 3201 haneuS,
2278 3131 2509 3185 delenda

513 3209 630 3257 tota
675 3201 987 3273 γαμοποιΐᾳ,
1043 3202 1228 3271 Odyss,
1270 3207 1457 3258 3-20.
1525 3202 1725 3258 Verum
1768 3201 1872 3255 hoc
1922 3149 2082 3254 aliter
2114 3200 2326 3269 accepit
2362 3199 2507 3269 apud

517 3271 860 3326 Athenaeum
911 3271 1136 3325 Casaub.
1184 3287 1340 3341 quem
1388 3271 1510 3326 vide
1556 3288 1607 3340 p.
1644 3274 1761 3325 326.
1810 3269 1901 3323 ubi
1948 3276 2092 3323 recte
2140 3270 2287 3321 etiam
2322 3287 2387 3322 ex
2418 3270 2508 3320 Ιιοο

523 3342 635 3393 loco
671 3342 1011 3406 colliqendum
1047 3339 1204 3408 dicet,
1237 3351 1434 3393 nostros
1468 3341 1619 3392 hodie
1654 3340 1849 3391 codices
1887 3339 2101 3391 Homeri
2134 3337 2204 3388 ad
2240 3338 2509 3390 editionem

537 3408 925 3458 Aristar-cheam
960 3425 1152 3473 mayna
1185 3426 1247 3460 ecc
1273 3419 1427 3474 parte
1457 3410 1617 3465 fuisse
1639 3409 1937 3465 emendatos,
2006 3406 2168 3460 Plura
2187 3404 2256 3459 de
2278 3412 2511 3475 utraque

514 3474 675 3542 ῥήσει
709 3487 743 3526 a
776 3489 861 3526 me
896 3475 953 3527 in
987 3474 1132 3528 aliud
1166 3474 1378 3542 tempus
1411 3482 1757 3543 reponuntur.
