2734 4000
1212 180 1569 240 ...87-

387 337 749 398 consentiens
789 334 944 396 fama
981 339 1233 394 testatur
1248 378 1264 407 ‚
1318 333 1672 390 Pisistratum
1719 335 1975 390 Carmina
2016 335 2244 390 Homeri
2272 337 2391 405 pri-

383 433 533 471 mam
570 415 915 484 consiqnasse
954 413 1164 480 litteris,
1205 420 1253 467 et
1289 414 1354 466 in
1393 429 1511 466 eum
1538 413 1777 467 ordinem
1800 413 2080 483 redeytbee,
2119 429 2225 482 quo
2250 430 2393 467 nunc

385 494 650 564 kynntur.
730 489 859 549 Hoc
899 488 1192 562 posterius
1233 485 1457 559 Cicero,
1496 486 1819 546 Pausanias
1848 491 1910 545 et
1934 487 2145 559 reliqui
2170 503 2389 553 omnes,

386 568 486 639 qui
523 567 876 626 mentionem
914 565 1002 623 rei
1041 563 1279 636 faciunt,
1318 562 1527 622 iisdem
1566 580 1749 638 prope
1776 563 1970 622 verbis
2011 570 2072 622 et
2110 570 2176 622 ut
2214 565 2386 637 vulgo
2418 579 2495 620 ιω

346 644 746 703 -·notissimum
785 641 1172 716 perhibent5).
1242 640 1360 700 Sed
1388 640 1672 712 quomodo
1690 640 1841 700 hanc
1865 638 2077 701 famam
2103 642 2388 715 interpre-

385 718 566 780 tando
604 721 884 779 torserint
920 718 1184 779 nonnulli
1211 718 1603 777 recentiorum
1614 717 1684 791 ὅ),
1722 719 1956 791 longum
1983 723 2075 777 est
2100 724 2162 777 et
2184 718 2393 777 mirum
2418 731 2497 772 144

531 936 579 1005 ⁵)
615 933 723 988 cic.
763 933 830 988 de
868 931 1019 987 Orat.
1057 933 1154 1001 111,
1191 935 1276 986 34.
1335 931 1465 988 Quis
1500 933 1688 985 doctior
1721 934 1899 986 iisdem
1933 933 2039 984 iuis
2072 935 2391 999 temporibus,

386 1014 479 1057 aut
512 1006 662 1056 cuius
696 1003 989 1069 eloquentia
1027 1002 1210 1054 litteris
1247 1002 1549 1052 instructior
1566 1003 1741 1065 fuisse
1776 1001 2024 1065 traditur,
2070 1020 2227 1067 quam
2262 1002 2395 1055 Pisi-

384 1072 571 1124 strati?
625 1072 717 1138 qui
748 1072 951 1137 primus
988 1070 1211 1122 Homeri
1242 1068 1399 1120 libros
1419 1107 1434 1134 ,
1483 1074 1720 1132 contusos
1755 1078 1909 1121 antea
1923 1108 1936 1131 ,
1984 1072 2057 1122 sio
2093 1070 2395 1137 dionomia&

386 1141 604 1200 dicitur,
644 1148 701 1190 ut
735 1157 878 1190 nunc
913 1139 1169 1190 habemus.
1242 1136 1471 1190 Pausan.
1510 1135 1616 1190 VII
1666 1140 1750 1191 26.
1788 1153 1840 1205 p.
1876 1141 1995 1193 594.
2070 1134 2394 1207 Πεισίστρα-

384 1226 480 1268 τος
514 1207 615 1277 ἔπη
650 1208 719 1260 τὰ
747 1205 980 1276 Ὁμήρου
1020 1205 1393 1268 διεσπασιένα
1444 1223 1508 1257 τε
1545 1177 1632 1257 xa}
1669 1206 1806 1258 ἀλλα
1843 1209 1926 1269 οῦ,
1947 1208 2393 1275 μνημονευόμενα

384 1276 689 1399 ffatim.
750 1272 887 1327 ἄλλα
922 1275 1160 1346 ἀλλαχοῦ
1197 1272 1378 1341 Coray
1414 1289 1449 1326 a
1520 1275 1604 1327 Ae
1646 1290 1730 1328 an.
1819 1315 1831 1328 .
1868 1273 1938 1327 H.
1974 1278 2025 1344 8,
2064 1278 2099 1327 2
2154 1281 2210 1328 et
2242 1274 2395 1342 prior

493 1344 646 1398 aefer
784 1343 956 1411 Long.
990 1360 1045 1411 p.
1082 1342 1224 1411 363]
1284 1341 1501 1409 Ioseph.
1538 1357 1583 1395 c.
1620 1342 1815 1410 Apion.
1855 1342 1901 1403 Ι,
1937 1346 1987 1396 2.
2060 1341 2227 1396 Φασὶν
2265 1343 2394 1395 οὐδὲ

372 1411 605 1483 Ὅμηρον
654 1413 714 1463 ἐν
761 1413 1051 1480 γράμμασι
1103 1414 1202 1481 τὴν
1252 1410 1428 1462 αὑτοῦ
1476 1409 1689 1480 ποίησιν
1727 1412 2066 1474 καταλιπεῖν,
2114 1411 2251 1464 ἀλλὰ
2286 1412 2393 1477 ‹553-

427 1501 455 1534 ν
533 1497 693 1533 ονευο
734 1481 793 1532 ε’ν
833 1497 859 1531 ν
895 1481 956 1532 ἐκ
990 1484 1101 1532 τῶν
1168 1479 1405 1542 ’σμάτων
1443 1478 1678 1548 ὕστερον
1717 1481 1991 1532 συντεθ”ν
2033 1499 2081 1542 ι,
2126 1479 2396 1547 videlicet,

386 1565 420 1603 a
464 1499 761 1604 ffi'sistrato.
832 1548 1048 1602 Aelian.
1156 1589 1167 1600 .
1222 1547 1291 1600 Η.
1328 1545 1495 1616 XIII,
1549 1551 1629 1600 14.
1691 1544 1947 1615 οὶστερον
1996 1546 2223 1601 Πεισίστ
2265 1565 2395 1607 ατος

387 1619 735 1686 συναζ-αζὼν,
793 1618 1038 1687 ἀπέφηνε
1104 1618 1201 1687 τὴν
1261 1612 1459 1667 Ἰλιάδα
1517 1616 1603 1667 καὶ
1690 1616 1747 1666 ’ν
1791 1615 2120 1671 Ὀδύσσειαν.
2252 1615 2395 1669 iban.

387 1685 651 1754 Panegyr.
688 1686 746 1738 in
779 1685 972 1740 Iulian.
1008 1685 1070 1738 T.
1106 1685 1150 1738 Ι.
1189 1701 1241 1753 p.
1270 1686 1385 1739 170.
1422 1683 1606 1738 Reisk.
1646 1633 2047 1753 ἷΙηεισίστρατον
2072 1686 2396 1748 ἐπαινοῦμεν

391 1755 531 1826 ὑπὲρ
567 1759 666 1823 τῆς
701 1758 811 1806 τῶν
840 1753 1055 1825 Ὁμήρῳ
1092 1753 1468 1822 πεποιημένων
1506 1752 1788 1823 συλλοζῇς.
1826 1751 2020 1807 Suidas
2054 1770 2102 1806 v.
2127 1752 2397 1825 ’θμηροςε

375 1819 627 1892 Ὕστερον
665 1823 935 1891 συνετέθη
976 1822 1065 1873 καὶ
1101 1821 1307 1874 συνετά
1344 1823 1421 1890 θη
1461 1822 1563 1873 ὑπὸ
1598 1823 1839 1883 πολλῶν,
1888 1821 1976 1872 καὶ
2017 1822 2258 1885 μάλιστα
2297 1823 2399 1874 ὑπὸ

389 1888 817 1963 Πεισιστράτου,
851 1890 949 1943 τοὺ
986 1887 1096 1943 τῶν
1137 1883 1224 1943 Ἆθ
1262 1891 1427 1942 ναίων
1463 1891 1752 1959 τυράννου.
1825 1890 2075 1944 Eustath.
2111 1907 2163 1958 p.
2201 1895 2249 1944 5.
2274 1888 2400 1943 ’Ὂτι

386 1959 446 2013 ἓν
495 1962 594 2023 μέν
645 1979 695 2014 τι
740 1964 900 2024 σῶμα
946 1960 1177 2031 συνεχὲς
1223 1908 1406 2011 gabaon
1440 1958 1528 2011 καὶ
1574 1957 1916 2028 εὐάρμοστον
1966 1958 2001 2048 ᾖ
2052 1964 2150 2029 τῆς
2184 1956 2401 2020 Ἰλιάδος

389 2028 625 2098 ποίησις·
663 2029 710 2080 οἱ
748 2029 807 2080 δὲ
843 2029 1017 2081 συνθέ
1093 2046 1172 2080 νοι
1209 2028 1432 2148 ταύτηιν,
1472 2025 1599 2080 κατ’
1635 2029 1791 2080 ἐπιτα
1838 2031 1912 2093 “ν,
1950 2045 2027 2087 ως
2061 2042 2228 2096 φασι,
2278 2025 2397 2080 Πει-

388 2098 710 2165 σιστράτου.
764 2127 824 2137 -·-·
873 2086 1036 2151 fion
1127 2097 1146 2148 i
1180 2112 1270 2163 ap,
1308 2098 1358 2150 A
1402 2101 1474 2148 at.
1511 2095 1546 2151 l.
1582 2111 1627 2149 e.
1706 2093 1780 2149 Τὰ
1851 2099 1880 2149 ὲ
1917 2097 2192 2167 ποιήματα
2228 2097 2399 2148 αὐτοῦ

388 2166 458 2218 τὰ
492 2165 701 2234 ἀληθῆ,
747 2166 846 2233 (sic
882 2164 999 2219 cod.
1081 2165 1208 2291 ips}
1242 2182 1345 2217 σπο
1389 2166 1425 2217 ά
1499 2185 1525 2218 ν
1561 2184 1601 2217 π
1644 2165 1739 2218 ότε
1781 2185 1840 2218 ον
1916 2164 1996 2217 ’δό
2036 2182 2163 2231 ενα,
2212 2163 2398 2218 Πεισι-
2433 2227 2441 2235 ·

389 2250 628 2304 στρατος
657 2234 934 2303 Ἀθηναῖος
968 2235 1167 2285 συνέτα
1297 2263 1357 2272 -
1469 2239 1658 2305 εριϊων
1695 2251 1729 2285 τ
1767 2254 1794 2294 ς
1827 2255 1866 2287 π
1898 2239 2010 2293 λεις
2026 2228 2262 2303 Ὅμηρος
2296 2228 2400 2305 ᾖδε

387 2304 460 2354 τὰ
505 2304 809 2372 ποιήματα·
849 2302 1084 2370 ὕστερον
1126 2301 1188 2354 δὲ
1227 2298 1623 2365 Πεισίστρατος
1668 2303 1808 2355 αὐτὰ
1845 2302 2146 2373 Qu
2169 2341 2182 2364 ,
2225 2305 2304 2361 ὡς
2336 2302 2399 2355 τὸ

388 2369 706 2438 ἐπίγραμμα
741 2373 908 2423 τοῦτο
948 2371 1114 2439 δηλοῖ,
1150 2368 1438 2440 Ἀθήνῃσιν
1460 2371 1930 2439 ἐπιγεγραμμένον
1955 2372 2014 2423 ἐν
2041 2371 2205 2423 εἰκόνι
2228 2371 2399 2424 αὐτοῦ

388 2442 489 2490 τοῦ
525 2436 955 2508 Πεισιστράτου·

615 2503 740 2576 Τρίς
773 2524 845 2571 με
881 2508 1300 2628 τιέοαννήσαντα
1334 2509 1658 2568 τοσαυτάκις
1693 2508 1958 2569 ἐξεδίωέε

705 2576 874 2644 δῆμος
904 2576 920 2602 ’
994 2576 1281 2645 εχθειδῶν,
1317 2576 1406 2627 καὶ
1440 2576 1559 2643 τρὶς
1596 2578 1967 2644 ἐπεσπασατο,

600 2645 693 2696 τὸν
730 2645 903 2712 μέγαν
942 2594 999 2694 ἐν
1036 2642 1261 2708 βουλαῖς
1296 2642 1717 2714 Πεισίστρατον·
1755 2647 1818 2707 ὃς
1850 2649 1943 2701 τὸν
1968 2646 2203 2717 Ὅμηρον

703 2711 961 2782 ἤθροισα,
1000 2712 1283 2782 σποράδην
1320 2714 1385 2764 τὸ
1421 2713 1547 2784 πρὶν
1586 2715 1920 2779 ἀειδόμενον.

598 2780 870 2851 ἡμέτερος
902 2781 1013 2900 r&
1050 2798 1227 2841 κεινος
1260 2782 1290 2833 ὁ
1317 2782 1566 2852 χρύσεος
1599 2782 1664 2851 ἦν
1701 2784 1973 2855 πολιήτης,

709 2848 870 2918 εἴπερ
908 2848 950 2903 Ἀ
991 2851 1172 2919 ηναῖοι
1208 2845 1467 2919 Σμύρναν
1507 2850 1863 2921 ἐπῳκίσαμεν.

527 2937 573 3002 6)
609 2933 749 2987 Nam
785 2939 1159 2989 transcurrunt
1196 2950 1316 2988 eam
1340 2935 1584 3004 plurimi,
1622 2935 1777 3004 quasi
1812 2952 1927 2990 rem
1948 2939 2105 3004 parvi
2127 2939 2398 2993 momenti.

389 3003 502 3056 Alii
540 3001 766 3055 ridicule
804 3001 871 3056 de
909 3017 975 3055 ea
1009 3003 1304 3072 loquuntur
1335 3011 1400 3057 ut
1423 3003 1490 3057 de
1507 3020 1648 3058 nova
1666 3003 1916 3058 editione.
1952 3008 2029 3059 At
2051 3023 2209 3061 nemo
2227 3022 2315 3059 ma
2357 3007 2400 3060 's

387 3071 622 3140 ingenue
659 3085 820 3138 quam
859 3069 1128 3128 Kusterus
1163 3071 1368 3126 Histor.
1393 3073 1511 3126 crit.
1531 3073 1771 3142 Homeri,
1807 3073 1983 3141 posito
2008 3074 2099 3129 illo
2123 3074 2298 3128 Eusta
2364 3075 2400 3127 ’i

389 3139 527 3194 loco.
563 3154 618 3205 p.
654 3143 766 3193 99.:
802 3139 931 3191 Non
972 3151 1118 3192 caret
1154 3142 1374 3206 quidem,
1409 3145 1594 3207 fateor,
1629 3143 1755 3193 haec
1787 3145 2037 3195 sententia
2073 3144 2399 3207 difficultati-

388 3208 481 3259 bus
495 3228 514 3270 ,-
552 3216 776 3259 attamen
812 3209 871 3256 ob
907 3210 1079 3259 totius
1095 3216 1216 3277 sere
1264 3211 1590 3274 antiquitatis
1634 3227 1927 3262 consensum
1986 3214 2143 3264 aliter
2176 3222 2401 3264 statuero

386 3293 491 3326 non
526 3277 659 3329 licet.
733 3275 1061 3330 consensum
1097 3276 1181 3329 vir
1213 3275 1472 3331 historiae
1508 3291 1761 3330 reverens
1797 3276 1928 3331 dicit
1963 3294 2101 3346 eum,
2138 3280 2230 3347 qui
2266 3279 2398 3332 Pisi-

388 3348 616 3396 stratum
675 3344 932 3407 σώματος
966 3348 1230 3415 συνεχοῦς
1275 3345 1361 3396 καὶ
1397 3346 1741 3413 εὐαρμόστου
1777 3351 2053 3400 auctorem
2088 3346 2246 3414 facit,
2290 3363 2400 3401 non

385 3410 698 3465 Homerum.
768 3411 1006 3481 Leviter,
1058 3422 1114 3466 et
1148 3413 1340 3467 vitiata
1375 3414 1598 3467 Kusteri
1629 3413 1912 3483 sententia,
1947 3414 2158 3484 Dresig.
2194 3432 2248 3483 p.
2284 3419 2397 3470 34.:
