2734 4000
1094 246 1319 299 -159
1375 273 1446 282 —

273 394 444 468 gula,
485 392 748 453 modesto
789 394 971 467 signo,
1012 394 1072 451 in
1110 393 1200 528 fisi
1241 395 1340 470 qui
1382 393 1437 452 ei
1475 393 1548 453 ob
1588 395 1810 454 minora
1848 394 1989 454 vitia
2013 395 2274 454 videren-
2299 415 2377 461 2⁵9

285 478 383 529 tur
421 470 642 543 indigni
721 476 855 531 oeta
880 541 893 545 -
913 477 976 530 at
1000 470 1193 547 tolera
1200 544 1211 545 ἶ
1220 471 1333 548 iles
1353 476 1566 529 tamen.
1634 471 1750 531 Sed
1776 473 2106 531 coniectura
2129 473 2276 532 haec

280 553 374 606 est
412 541 718 606 adffiodum
755 543 1231 622 parvs'mfiffienti
1269 545 1329 605 m'
1368 540 1738 607 illa‘iiifantia
1764 550 1923 607 artis.
1994 550 2276 621 Quocirca

279 632 403 683 rem
429 630 630 683 tenere
658 626 840 683 satius
871 626 999 698 erit,
1029 630 1088 683 et
1108 626 1463 697 argumentis
1482 625 1743 699 pluribus
1764 624 2116 700 confirmare,
2145 640 2277 686 eum

44 758 47 767 ,
143 766 153 776 ,
282 718 395 760 non
421 707 646 759 tantum
672 703 940 761 notandis
966 703 1184 775 naevis,
1210 719 1410 760 verum
1437 704 1613 760 etiam
1637 703 1875 776 urendo,
1903 704 2276 778 amputando,

86 779 495 851 Quinam,
533 794 681 850 quae
720 780 950 850 quidem
987 778 1250 853 putabat,
1291 780 1411 837 suis
1449 779 1588 838 locis
1627 781 1978 854 reponendo,
2014 781 2278 840 Homeri-

278 850 644 929 cT'm‘corpus
668 858 977 915 curavisse.
1044 855 1131 914 Ac
1156 857 1403 930 primum
1429 857 1555 928 quis
1584 858 1891 931 existimet,
1930 874 2129 916 versus
2157 875 2277 932 eos,

278 949 426 1005 quos
453 933 797 992 Eustathius
835 941 895 992 et
922 932 1280 993 Scholiastae
1311 934 1527 1006 passim
1564 949 1636 992 ex
1681 934 1808 992 aliis
1846 934 2278 994 recensionibus

278 1009 520 1081 addunt,
561 1011 911 1082 posteriores
938 1026 1134 1071 omnes
1163 1026 1290 1068 esse
1315 1010 1655 1071 Aristarcho
1667 1009 1785 1084 4⁸st
1822 1028 1896 1070 ne
1923 1012 2062 1085 quid
2088 1012 2279 1071 dicam

287 1189 417 1243 doto
454 1189 712 1258 primum,
766 1194 881 1243 tum
932 1190 1001 1244 ab
1037 1189 1351 1244 Aristarcho
1386 1189 1581 1243 nimius
1614 1190 1908 1258 putabatur
1942 1190 2280 1254 (ambitiosum

292 1265 662 1325 ornamentum)
700 1264 756 1310 et
789 1260 1049 1328 ὴθετεῒτο
1131 1258 1204 1318 ὡς
1232 1255 1523 1311 Ἡσιόδειον
1563 1257 1699 1330 ἔχων
1729 1262 2061 1330 χαρακτῆρα
2094 1277 2139 1310 κ.
2158 1276 2207 1311 τ.
2231 1257 2278 1311 λ.

285 1325 393 1380 Ubi
416 1326 592 1381 obiter
614 1326 762 1381 vides
804 1328 1038 1395 spectari
1061 1298 1445 1395 ffiheogoniam,
1467 1333 1722 1395 tanquam
1747 1327 2035 1395 genuinum
2052 1325 2281 1380 Carmen

285 1394 425 1448 vatis
459 1395 696 1450 Ascraei.
764 1366 970 1450 Mansit
1001 1401 1185 1449 tamen
1217 1395 1307 1448 hic
1343 1395 1494 1449 locus
1527 1395 1583 1448 in
1606 1402 1763 1449 textu
1786 1394 2103 1458 Aristarchi,
2137 1394 2281 1449 unde

280 1479 406 1517 eum
451 1463 507 1515 in
561 1463 911 1517 imitationem
948 1479 1097 1517 suam
1130 1464 1299 1517 traxit
1332 1463 1607 1531 Virgilius,
1677 1463 1727 1517 N
1731 1480 1815 1517 am
1852 1463 1919 1517 ab
1955 1463 2046 1516 illo
2082 1462 2280 1517 Critico

290 1531 599 1599 pendebant
632 1531 816 1586 Latini
851 1548 1051 1587 omnes.
1118 1532 1206 1586 Ita
1239 1532 1486 1587 Ciceroni
1518 1531 1661 1601 Epp.
1698 1532 1767 1585 ad
1800 1533 1989 1586 Famil.
2017 1532 2085 1598 X,
2125 1536 2204 1586 13.
2225 1538 2283 1585 et

300 1599 551 1654 Straboni
584 1601 622 1655 I.
663 1617 717 1669 p.
761 1604 840 1657 17.
886 1617 993 1656 non
1042 1600 1329 1655 excidisset
1363 1600 1496 1655 illud
1533 1601 1598 1654 de
1638 1599 1888 1670 Ὀδυσσῆϊ
1912 1601 2281 1670 πτολιπόρθῳ,

298 1668 403 1723 nisi
449 1670 606 1736 pueri
650 1670 706 1722 in
742 1670 938 1724 scholis
973 1670 1278 1735 audissent,
1332 1668 1702 1724 Aristarchum
1773 1670 2061 1739 θετηκέναι
2095 1683 2283 1722 versus

297 1752 470 1805 prope
507 1753 719 1806 omnes,
769 1739 862 1807 qui
895 1754 1037 1792 nunc
1072 1738 1112 1792 Ἆ
1154 1738 1306 1791 ιλλ”α
1340 1736 1709 1807 πτολίπορθον
1784 1737 1960 1791 abent.
2031 1737 2148 1804 Quo
2182 1752 2282 1790 nos

289 1804 556 1874 probabili
600 1807 808 1861 ratione
860 1807 1062 1862 ducunt
1147 1807 1246 1863 cho
1270 1808 1323 1862 ia
1367 1805 1438 1859 ad
1485 1807 1540 1858 θ.
1576 1809 1694 1860 371.
1742 1813 1798 1859 et
1831 1821 1983 1875 prox.
2001 1846 2015 1874 ,
2060 1815 2176 1858 tum
2210 1804 2282 1859 ad

289 1896 339 1927 ο.
363 1877 600 1941 56-77.,
637 1875 792 1930 obelo
815 1882 1030 1929 notatos
1052 1883 1277 1945 propter
1312 1875 1392 1928 τὰ
1429 1874 1578 1927 ἐκεῖ
1611 1875 1723 1927 οὐκ
1758 1874 2136 1944 ἀναγκαίως
2169 1891 2281 1926 πα-

289 1942 817 2013 λιλλογούμενα,
872 1952 928 1997 et
974 1944 1106 1999 alias
1142 1961 1356 2012 causas,
1392 1942 1448 1995 in
1492 1943 1684 2012 quibus
1718 1943 1854 1999 haec
1888 1950 2129 1997 extrema
2162 1949 2276 1996 est:

371 2012 453 2065 σὶν
489 2015 520 2065 ὁ
554 2012 824 2083 ’Δρίστα
865 2032 1026 2097 χος,
1063 2015 1145 2069 ὅτι
1179 2015 1395 2085 οὐδαμῇ
1428 2012 1521 2064 τὸν
1548 2013 1777 2085 Ἀχιλλέα
1812 2013 2275 2082 πτολίπορθον

288 2099 320 2133 ε
341 2098 527 2150 ρηκεν,
571 2081 706 2134 ἀλλὰ
740 2033 981 2152 ποᾶἓρκη
1017 2083 1105 2135 καὶ
1151 2084 1378 2153 ποδώκη.
1449 2080 1532 2134 Ne
1572 2098 1639 2135 ue
1674 2081 2035 2146 Aristarchu8‚
2071 2088 2132 2134 ut
2167 2095 2280 2135 sus-

290 2149 457 2218 picor,
504 2150 561 2204 id
597 2150 875 2219 epitheton
908 2151 1121 2219 putavit
1155 2152 1441 2205 convenire
1475 2151 1556 2205 Ac
1596 2150 1689 2219 illi,
1735 2149 1828 2219 qui
1860 2149 2059 2203 bellum
2094 2149 2281 2203 Troia-

288 2234 421 2271 num
456 2234 564 2273 non
599 2219 903 2273 confecerit.
961 2220 1253 2288 Ignorabat
1288 2234 1419 2288 ergo
1454 2226 1549 2273 aut
1583 2219 1872 2288 spernebat
1904 2218 2169 2272 veriorem
2202 2218 2280 2271 in-

290 2293 462 2355 terpr.
498 2303 585 2355 ap.
618 2286 869 2342 Eustath.
919 2304 971 2356 p.
1009 2293 1090 2343 91.
1127 2292 1245 2342 220.
1315 2291 1393 2342 At
1442 2288 1603 2342 etiam
1639 2306 1695 2357 φ.
1732 2291 1849 2342 550.
1885 2286 2123 2341 Achilles
2155 2304 2282 2338 πτο-

288 2351 551 2425 λίπορθος
597 2363 695 2410 est.
764 2355 848 2409 Ibi
891 2357 1024 2411 mire
1062 2357 1241 2412 Schol.
1289 2356 1400 2410 Ὅτι
1442 2356 1732 2416 πλεονάζει
1773 2356 1855 2408 ἐπ’
1891 2355 2188 2414 ’θδυσσέως
2219 2355 2282 2407 τὸ

288 2423 813 2494 πτολίπορθος·
864 2429 957 2478 νῦν
1009 2426 1068 2478 δὲ
1119 2424 1303 2485 ἅπαξ
1348 2428 1436 2478 ἐπ’
1481 2425 1761 2497 Ἀχιλλέως.
1835 2422 1895 2477 ‘H
1926 2424 2082 2492 διπλῆ
2116 2442 2155 2475 π
2215 2424 2284 2483 ὸς

291 2492 458 2552 τοὺς
485 2494 942 2564 χωρίζοντας·
992 2494 1208 2555 τούτοις
1257 2494 1366 2564 γὰρ
1397 2500 1664 2567 χρῶνται.
1731 2488 1922 2553 Τινὲς
1956 2493 2016 2544 δὲ
2053 2442 2284 2571 'Agens-a

290 2558 575 2640 Πηλείωνα
607 2566 822 2615 ποιοῦσι
857 2563 1175 2643 (corrigunt)
1212 2562 1563 2623 Ξενισὺέντες
1596 2582 1635 2615 π
1673 2563 1733 2622 ὸς
1765 2563 1826 2615 τὸ
1860 2560 2134 2613 ἐπίθετον.
2180 2560 2282 2614 Hls

290 2630 473 2698 igitur,
509 2630 602 2699 qui
636 2631 714 2685 ita
748 2631 1065 2700 sentiebant,
1101 2632 1245 2686 idem
1279 2632 1585 2692 faciendum
1681 2630 1722 2682 't
1755 2629 1812 2683 in
1837 2635 1910 2685 “ω.
1938 2629 2050 2686 108.
2086 2635 2142 2683 et
2176 2628 2282 2683 for-

297 2706 440 2752 tasse
476 2698 646 2754 Catal.
681 2703 799 2754 235.
837 2702 996 2766 (728.)
1030 2704 1086 2753 et
1120 2721 1166 2754 ο.
1201 2706 1318 2757 384.

432 2785 506 2852 4⁵)
553 2783 688 2839 Sunt
735 2785 870 2840 adeo
924 2786 982 2839 in
1028 2786 1135 2841 illis
1169 2803 1275 2841 vsS.
1311 2785 1568 2853 nonnulli,
1616 2800 1750 2854 quos
1783 2784 2065 2853 rhapsodis
2101 2783 2287 2838 eadem

302 2853 480 2921 specie
515 2856 631 2907 veri
666 2853 888 2922 tribuas,
922 2854 1010 2907 vel
1045 2853 1263 2923 maiore,
1310 2871 1470 2924 quam
1505 2853 1623 2908 aliis
1657 2853 1979 2908 auctoribus.
2047 2851 2122 2907 Ut
2156 2867 2285 2921 qua-

299 2927 424 2974 tuor
474 2921 574 2976 hos
618 2939 703 2991 ap.
763 2921 947 2991 Eust.‚
1009 2939 1233 2991 quorum
1286 2924 1569 2978 Ruhnken.
1614 2923 1854 2976 meminit
1896 2920 1965 2975 ad
1998 2922 2193 2990 Hymn.
2226 2920 2284 2974 in

290 2988 414 3043 Cer.
455 2994 589 3057 108.‚
625 2991 854 3045 iniectos
888 2996 1013 3059 post
1049 3012 1093 3046 ν.
1128 2996 1274 3060 433.,
1322 2998 1379 3046 et
1414 2991 1547 3045 duos
1581 2997 1705 3059 post
1738 3009 1782 3046 ο.
1819 2994 1902 3046 30.
1924 3030 1938 3059 ,
1982 2988 2284 3043 Hesiodicis

293 3057 497 3125 Theog.
522 3063 640 3115 498.
677 3066 732 3112 et
766 3059 886 3113 aliis
920 3058 1116 3113 fabulis
1139 3061 1270 3113 satis
1294 3060 1519 3127 similes3
1551 3065 1666 3112 tum
1682 3058 2005 3113 miserrimos
2026 3064 2138 3112 tres
2159 3063 2284 3126 post

299 3123 489 3194 Odyss.
525 3128 572 3183 λ.
601 3132 736 3195 438.,
788 3143 921 3195 quos
955 3128 1186 3182 servavit
1210 3128 1385 3183 Schol.
1414 3127 1662 3196 Euripid.
1714 3127 1902 3181 Plures
1922 3126 2083 3180 huius
2104 3132 2283 3194 notae,

302 3192 390 3246 vel
425 3195 539 3249 sola
583 3194 688 3250 fide
735 3194 1085 3250 diobolarium
1131 3196 1399 3264 codicum,
1451 3196 1677 3250 adscivit
1709 3194 2022 3262 Barnesius,
2072 3194 2283 3262 priores

296 3261 517 3329 quidem
551 3263 608 3317 in
645 3283 688 3316 ν.
726 3271 783 3318 et
817 3286 863 3318 ο.
903 3264 1064 3318 etiam
1087 3264 1332 3333 Daceria,
1354 3264 1700 3319 librariorum
1733 3270 1876 3319 totos
1908 3278 2095 3317 versus
2130 3261 2283 3316 omite

294 3330 524 3385 tentium
558 3332 938 3400 negligentiam
974 3347 1202 3402 querens
1237 3340 1292 3387 et
1325 3349 1495 3402 prava
1516 3332 1714 3387 iudicia
1737 3331 2067 3387 Criticorum.
2111 3330 2282 3385 Recte

294 3406 609 3468 utrumque:
644 3401 749 3456 nisi
781 3400 878 3455 sub
914 3418 1078 3456 unum
1112 3401 1425 3470 adspectum
1471 3402 1650 3471 posita
1682 3399 1879 3455 indicia
1911 3415 2091 3453 rerum
2125 3398 2281 3452 alior-

292 3480 413 3522 sum
437 3465 716 3524 flecterent
739 3469 971 3525 animum
995 3470 1339 3538 suspicacem.
1385 3470 1500 3525 Iam
1517 3469 1711 3524 vellem
1732 3468 1935 3536 audire,
1971 3465 2099 3537 quid
2121 3465 2281 3521 docta
