2734 4000
1187 237 1543 290 -91-

360 393 609 460 sumpta,
649 384 743 447 ed'
790 387 803 400 ’
838 402 902 444 se
938 386 1341 457 Pisistratumf
1362 390 1434 443 'ut
1472 399 1545 442 ex
1581 384 1736 444 omni
1764 384 2015 444 Graecia
2040 383 2368 445 deferretur
2390 392 2468 433 1⁴⁹

360 462 438 523 ad
464 479 548 535 se,
587 463 639 522 si
679 464 778 536 qui
903 463 1214 522 omericum
1251 462 1479 536 uspiam
1503 461 1735 521 lateret.
1800 461 1895 520 Ita
1912 462 2207 520 inventum
2233 479 2367 536 pas-

362 541 471 599 sim
512 555 659 612 esse,
700 541 801 612 qui
842 546 1073 598 centum
1113 555 1334 611 versus,
1378 538 1573 610 alium,
1614 539 1713 611 qui
1751 539 1927 612 mille,
1969 539 2145 597 alium
2172 540 2366 611 etiam,

361 617 462 689 qui
499 617 777 676 maiorem
816 632 1121 675 numerum
1160 613 1468 675 conferret.
1551 614 1771 686 Quibus
1811 615 2074 675 omnibus
2114 616 2368 689 receptis

362 694 733 764 collectisque
771 693 961 767 ipsum
1000 693 1198 751 statim
1236 707 1626 764 congregasse
1665 691 1889 751 LXXII
1930 692 2368 765 GrammaticoS,

363 770 658 842 (Aristeae
696 767 953 828 fabulam
996 769 1166 828 audis
1207 768 1281 827 de
1307 768 1532 827 LXXII
1557 768 1975 842 interpretibus
2001 768 2367 841 Bibliorum,)

363 862 579 919 eosque
617 847 857 906 iussisse
897 847 1049 905 hanc
1085 845 1438 918 farraginem
1464 847 1525 903 in
1551 846 1767 904 iustum
1792 846 2053 904 ordinem
2079 845 2368 918 redigere.

360 924 431 982 In
476 923 587 982 hoc
641 938 917 982 consessu
956 922 1476 982 Grammaticorum
1525 938 1669 995 prae
1721 923 1932 981 ceteris
1971 921 2269 982 Zenodoto
2310 926 2371 980 et

360 1000 701 1059 Aristarcho
760 1001 921 1059 locus
963 1007 1080 1068 est,
1143 1016 1341 1059 errore
1382 1000 1746 1072 turpissimo,
1800 1015 1836 1057 a
1875 1015 1988 1071 quo
2028 1005 2224 1058 tamen
2262 1015 2371 1057 nec

361 1077 708 1136 Eustathius
747 1092 856 1135 nec
894 1076 1252 1135 recentiores
1292 1076 1529 1148 quidam
1558 1075 1715 1135 docti
1752 1081 2121 1135 recesserunt
2131 1075 2224 1145 1⁰).
2266 1076 2371 1134 At-

364 1170 477 1225 que
514 1153 683 1211 huius
724 1155 894 1211 unius
932 1152 1167 1212 fabulae
1202 1154 1553 1212 auctoritate
1592 1169 1656 1212 se
1696 1158 1970 1210 tueantur
1994 1153 2054 1225 ii,
2098 1153 2196 1226 qui
2222 1152 2371 1211 Pisi·

363 1235 609 1288 stratum
649 1246 762 1289 non
801 1231 992 1303 prima
1043 1230 1333 1303 scriptura
1372 1229 1678 1301 collegisse
1734 1235 1795 1288 et
1834 1229 2189 1303 disposuisse
2232 1228 2371 1288 Car-

363 1307 538 1379 mina,
580 1306 686 1365 sed
727 1306 1027 1380 distracta,
1081 1306 1368 1385 dissipata
1409 1312 1470 1365 et
1509 1306 1740 1383 ‘13⁷9qu
1770 1307 2099 1381 restituisse
2138 1311 2371 1364 conten·
2397 1323 2474 1361 iso

365 1382 616 1455 dunt11).
696 1369 838 1456 Nos,
881 1386 981 1456 qui
1025 1384 1176 1443 scire
1217 1379 1383 1443 n6bis
1422 1377 1703 1455 fridemun
1743 1370 1881 1454 qffid
1917 1376 2077 1441 inter
2105 1372 2369 1441 Tabulam

367 1468 427 1519 et
463 1460 764 1519 historiam
805 1461 1052 1534 intersit,
1094 1461 1214 1519 illic
1252 1461 1554 1521 historiam
1612 1461 1718 1519 sub
1776 1458 1974 1518 fabula
2022 1461 2370 1519 occultatam

367 1538 750 1609 agnoscimus,
799 1538 970 1596 simili
1020 1537 1335 1596 eruendam
1375 1537 1546 1597 modo
1569 1579 1583 1604 ,
1650 1553 1763 1608 quo
1813 1538 2029 1595 versati
2078 1541 2213 1595 sunt
2262 1537 2373 1595 viri
2465 1581 2538 1600 ...

370 1614 529 1674 docti
568 1614 629 1672 in
666 1613 904 1674 Iudaico
945 1619 1263 1674 commento
1305 1614 1379 1672 de
1417 1614 1584 1672 LXX
1622 1614 2036 1686 interpretibus
2047 1613 2139 1686 l¹³).

1186 1824 1552 1902 XXXIV.
1585 1802 1590 1809 ’

527 1997 747 2070 Quodsi
790 2015 860 2057 ex
900 2001 1192 2058 sententia
1234 2005 1495 2058 veterum
1535 2015 1702 2058 nemo
1744 2003 1878 2058 ante
1905 1996 2271 2057 Pisistratum
2300 1999 2376 2057 de

367 2075 479 2133 hac
506 2077 1006 2148 coagmentatione
1028 2092 1267 2149 operum
1290 2075 1726 2134 Homericorum
1749 2075 1901 2134 serio
1923 2076 2218 2147 cogitavit,
2247 2076 2375 2147 quis

254 2165 263 2170 ‘
369 2152 589 2223 credat,
633 2169 780 2225 eam,
825 2154 1083 2226 quamvis
1123 2153 1465 2212 meditatam
1507 2159 1642 2210 ante
1684 2159 1743 2211 et
1781 2153 2136 2224 instructam,
2179 2152 2376 2210 statim

369 2234 493 2286 tum
531 2228 797 2287 omnibus
836 2230 1105 2302 partibus
1146 2230 1471 2288 absolutam
1509 2229 1816 2302 prodiisse,
1868 2235 1929 2287 et
1966 2230 2143 2287 talem
2184 2230 2375 2302 plane,

371 2305 600 2376 qualem
641 2321 791 2363 nunc
831 2305 1135 2364 videmus?
1178 2306 1425 2379 Oportet
1463 2306 1625 2364 illum
1665 2307 1808 2364 satis
1846 2305 2137 2377 habuisse,
2179 2306 2229 2363 si
2254 2305 2379 2378 ple-

371 2397 590 2453 raeque
617 2382 967 2455 rhapsodiae
997 2389 1135 2456 apto
1163 2382 1352 2441 ordini
1379 2382 1783 2454 redderentur,
1811 2383 2082 2454 sepositis
2110 2383 2200 2454 iis,
2229 2398 2378 2454 quae

369 2460 563 2517 tenori
604 2460 809 2517 summi
850 2460 1176 2532 argumenti
1215 2457 1530 2532 officerent,
1569 2459 1710 2517 licet
1746 2459 1965 2531 passim
2004 2459 2224 2531 aliquid
2265 2458 2380 2516 dis-

542 2675 614 2736 10)
683 2673 814 2726 Post
861 2688 1085 2740 magnos
1135 2671 1514 2740 compilatores
1548 2671 1820 2725 Historiae
1869 2669 2184 2723 universalis
2218 2669 2380 2722 istum

372 2755 608 2794 errorem
623 2781 638 2807 ,
691 2741 783 2793 vix
816 2740 1172 2794 Anacharsidi
1204 2740 1435 2808 Scythae
1483 2739 1867 2808 ignoscendum
1881 2778 1895 2805 ‚
1944 2737 2152 2793 omissis
2198 2743 2380 2791 tamen

370 2808 676 2862 nominibus
699 2807 1180 2862 Grammaticorum
1215 2808 1436 2876 repetiit
1459 2808 1784 2861 Barthelem.
1810 2807 1866 2859 in
1890 2805 2094 2860 Introd.
2133 2805 2203 2860 ad
2236 2804 2381 2859 illius

371 2876 577 2930 ltinera
611 2877 669 2930 P.
707 2875 750 2929 I.
788 2883 924 2930 extr.
974 2876 1067 2930 ubi
1103 2883 1286 2930 cetera
1322 2891 1536 2944 quoque
1572 2876 1799 2930 historia
1833 2875 1991 2929 Hom.
2039 2890 2262 2943 operum
2311 2873 2381 2928 ad

370 2944 648 3013 vulgarem
682 2943 900 2999 modum
933 2951 1200 2999 narratur.

508 3033 579 3097 11)
614 3030 779 3083 Plane
815 3030 920 3084 hoc
955 3030 1189 3083 traditur
1221 3047 1327 3085 uno
1362 3047 1531 3099 parvo
1569 3029 1799 3095 Scholio,
1835 3028 1891 3081 in
1925 3027 2129 3082 Anecd.
2155 3026 2246 3080 Gr.
2284 3026 2381 3080 ibi-

373 3099 493 3152 dem
558 3098 732 3152 edito:
802 3098 1033 3168 Λέγεται
1082 3101 1168 3150 ὅτι
1215 3102 1384 3167 augg&
1449 3101 1463 3115 '
1542 3117 1642 3154 mv
1701 3098 1803 3149 ὑπὸ
1856 3095 2262 3165 Πεισιστράτου
2311 3094 2381 3146 τὰ

366 3166 612 3238 Ὃμήρου
650 3185 738 3219 ποι
755 3166 942 3230 ’ματ-α,
1000 3167 1089 3218 καὶ
1122 3167 1262 3219 κατὰ
1298 3169 1369 3219 τά
1408 3187 1453 3218 ιν
1493 3166 1866 3235 συνετέθησαν
1904 3164 1972 3218 τὰ
2009 3164 2132 3233 πρὶν
2172 3164 2377 3231 σπορά-

375 3236 470 3306 ὠγν
507 3236 593 3288 καὶ
633 3237 711 3294 ὡς
814 3253 944 3305 υχεν
983 3236 1478 3303 ἀναγινωσκόμενα,
1530 3235 1616 3286 διὰ
1669 3236 1732 3286 τὸ
1768 3235 1867 3304 τὴν
1906 3233 2156 3303 ἁρμογὴν
2196 3232 2376 3282 αὐτῶν

374 3308 452 3375 τῷ
481 3304 676 3375 χρόνῳ
712 3304 1133 3372 διασπασθῆναι.
1801 3335 1808 3340 -

510 3389 583 3455 12)
618 3387 693 3442 Ut
728 3388 1034 3442 acutissime
1060 3388 1296 3443 omnium
1320 3387 1613 3442 Eichhorn.
1636 3388 1692 3442 in
1716 3387 1936 3456 Repert.
1960 3386 2087 3440 bibl.
2112 3392 2170 3440 et
2192 3384 2382 3440 orient.

374 3457 477 3511 litt.
515 3456 577 3510 T.
613 3455 657 3509 1.
692 3472 745 3524 p.
780 3459 898 3511 266.
912 3472 1028 3525 sqq.

2321 3663 2350 3678 l
