2734 4000
1252 178 1611 232 ...55—

1315 444 1529 528 XXI.

587 595 752 654 Haec
791 595 980 654 omnia
1021 594 1295 666 colligata
1335 594 1494 652 inter
1533 609 1614 665 se,
1658 597 1718 651 et
1756 594 1816 650 in
1855 609 1970 651 uno
1998 598 2312 666 conspectu
2336 610 2437 665 po·
2464 609 2512 647 91

434 674 565 745 sita,
604 689 741 731 num
779 671 1023 731 fortuita
1063 672 1295 729 silentia
1335 668 1512 730 sunt?
1551 686 1625 728 an
1664 671 1732 742 iS,
1776 670 1874 741 qui
1901 670 1986 727 ita
2013 670 2164 742 silet,
2204 671 2440 742 loquen-

430 752 508 807 tis
562 754 623 808 et
677 750 833 807 clare
883 749 1153 807 testantis
1194 763 1503 820 personam
1555 748 1749 819 gerit?
1827 746 1977 803 Mihi
2018 746 2277 818 quidem,
2329 748 2441 806 etsi

432 843 548 886 non
588 843 714 884 sum
751 827 919 884 nimis
961 825 1250 898 credulus,
1290 825 1393 883 illa
1418 841 1526 897 per
1551 841 1615 882 se
1642 825 1815 897 plane
1841 824 2279 896 persuaderent,
2319 824 2441 882 vul-

433 919 632 975 garem
673 908 869 961 autem
906 903 1235 975 opinionem
1284 900 1601 960 defendere
1642 900 2075 959 dementissima
2113 902 2441 974 pervicacia

430 979 746 1038 videretur.
785 978 868 1037 At
896 985 1082 1052 erunt,
1124 980 1344 1051 opinor,
1392 979 1491 1050 qui
1533 977 1749 1050 dicant,
1779 975 1928 1035 effici
1955 978 2186 1049 quidem
2216 994 2287 1036 ex
2304 979 2439 1050 illis,
2466 990 2517 1030 92

431 1063 500 1115 ut
548 1058 784 1115 litterae
836 1057 928 1114 vel
982 1055 1427 1115 obscurissimae
1470 1056 1562 1113 vel
1601 1071 1841 1128 prorsus
1882 1055 2184 1126 ignoratae
2225 1053 2442 1113 fuerint

431 1133 698 1192 Troianis
737 1132 1122 1206 temporibUS,
1172 1149 1285 1191 non
1325 1134 1467 1190 item
1506 1132 1641 1204 hoc,
1705 1136 1772 1189 ut
1820 1137 1983 1189 vates
2035 1132 2259 1191 duobus
2309 1137 2443 1205 post

433 1211 679 1269 saeculis
719 1211 848 1283 ipse
890 1226 1114 1282 quoque
1145 1210 1482 1268 illitteratus
1506 1207 1702 1267 fuerit.
1757 1208 2096 1267 Extremam
2122 1210 2271 1268 hanc
2297 1210 2441 1268 late-

431 1287 597 1345 bram
650 1289 700 1345 si
738 1286 1042 1347 obstruere
1090 1288 1326 1361 vellem,
1378 1301 1618 1344 necesse
1660 1285 1935 1345 haberem
1975 1286 2206 1358 longam
2247 1286 2442 1359 dispu-

431 1366 712 1423 tationem
748 1363 978 1437 ingredi
1017 1363 1091 1422 de
1131 1364 1285 1423 omni
1327 1364 1576 1435 ratione,
1622 1378 1735 1434 qua
1762 1361 2049 1422 Homerus
2089 1364 2149 1420 in
2186 1362 2442 1435 descrip-

432 1442 590 1500 tione
629 1441 900 1501 heroicae
939 1442 1096 1499 vitae
1124 1441 1351 1499 versari
1382 1441 1548 1499 solet.
1619 1440 1750 1499 Non
1780 1441 1931 1497 enim
1958 1438 2113 1512 apud
2140 1440 2303 1498 illum
2329 1439 2442 1497 nisi

432 1517 522 1575 bis
563 1523 724 1577 terve
762 1518 873 1577 hoc
913 1533 1095 1590 genus
1134 1518 1365 1590 reperio
1407 1516 1677 1575 eruditae
1705 1517 1870 1588 artiS,
1913 1516 2066 1588 quod
2093 1521 2303 1589 poetae
2325 1517 2442 1574 cul-

433 1595 646 1654 tiorum
696 1599 954 1653 aetatum
994 1594 1296 1667 affectant,
1351 1610 1524 1665 quum
1568 1594 1932 1666 superiorum
1971 1592 2237 1652 fabulosa
2277 1598 2444 1666 gesta

439 1687 647 1729 scenae
682 1670 996 1729 reddentes
1026 1677 1233 1731 cavent
1259 1670 1481 1743 sedulo,
1510 1686 1582 1728 ne
1602 1672 1852 1743 priscam
1870 1671 2263 1729 sinceritatem
2282 1672 2446 1730 novis

435 1746 690 1807 moribus
731 1746 1014 1820 infucent,
1071 1765 1183 1820 quo
1232 1746 1461 1806 facilius
1515 1746 1827 1806 lectoribus
1869 1749 1960 1806 vel
2002 1746 2444 1820 spectatoribuS,

437 1830 678 1898 propter
716 1825 1081 1897 antiquitatis
1121 1826 1394 1898 peritiam
1435 1825 1529 1881 inc
1539 1823 1788 1897 reduliS,
1850 1825 2174 1898 imponant,
2231 1840 2444 1896 eosque

435 1902 610 1960 rebus
652 1918 721 1961 ac
758 1903 1051 1976 personis,
1105 1902 1313 1973 quibus
1354 1902 1743 1960 cummaxime
1784 1902 2009 1975 volunt,
2062 1902 2345 1960 interesse
2387 1907 2448 1959 et
2527 1903 2528 1906 ’

437 2098 518 2152 les
570 2096 947 2165 compilateurs
992 2096 1297 2151 d’Homere.
1388 2095 1859 2151 Non-seulement
1906 2096 2041 2151 dans
2100 2097 2150 2151 le
2195 2102 2340 2151 reste
2376 2097 2443 2151 de

435 2164 644 2220 l'Iliade
680 2182 752 2221 on
784 2165 898 2219 voit
930 2180 1040 2233 peu
1072 2165 1141 2220 de
1177 2170 1353 2221 traces
1384 2164 1450 2218 de
1474 2169 1562 2219 cet
1580 2170 1694 2218 art:
1731 2168 1821 2233 (ne
1845 2164 2071 2233 mireriS,
2108 2164 2252 2245 quod
2269 2184 2445 2232 pauca

435 2235 666 2302 vestigia
702 2233 832 2287 dicit
869 2248 1003 2302 esse,
1040 2249 1179 2302 quae
1216 2237 1368 2286 nulla
1406 2238 1563 2300 sunt;
1597 2234 1675 2287 ita
1708 2232 2020 2300 loquuntur,
2056 2250 2150 2301 qui
2172 2249 2282 2288 non
2311 2234 2446 2288 certi

437 2309 563 2356 sunt
586 2302 883 2356 sententiae
904 2317 1033 2356 suae
1049 2307 1084 2371 z)
1120 2302 1256 2355 mais
1273 2301 1413 2369 j’ose
1441 2316 1795 2369 avancer-que
1816 2306 1967 2355 toute
1993 2301 2267 2371 l’Odyssee
2301 2305 2446 2356 n’est

437 2373 601 2440 qu'un
635 2371 770 2424 tissu
804 2371 872 2425 de
907 2369 1105 2424 betises
1141 2376 1197 2423 et
1233 2370 1520 2438 d'inepties
1557 2371 1753 2437 qu’une
1791 2368 1951 2423 lettre
1971 2385 2041 2423 ou
2061 2370 2204 2425 deux
2227 2376 2445 2424 eussent

435 2439 616 2493 reduit
642 2454 711 2492 en
729 2438 922 2502 samec,
958 2453 1029 2492 au
1046 2439 1156 2492 lieu
1182 2441 1345 2506 qu’on
1373 2437 1508 2492 rend
1528 2453 1588 2492 ce
1613 2443 1805 2506 poeme
1825 2438 2163 2493 raisonnable
2192 2444 2247 2492 et
2272 2441 2443 2494 meme

435 2523 588 2561 assez
620 2506 1018 2575 bienconduit,
1054 2522 1122 2561 en
1162 2511 1463 2574 supposant
1500 2521 1605 2574 que
1642 2521 1727 2560 ses
1762 2506 1922 2561 heros
1948 2509 2095 2561 aient
2129 2507 2317 2576 ignore
2353 2508 2443 2562 l’e-

437 2576 655 2629 criture.
726 2575 782 2628 Si
827 2573 1035 2629 l’Iliade
1083 2578 1177 2628 eut
1211 2577 1299 2629 ete
1336 2575 1522 2643 ecrite,
1578 2575 1680 2628 elle
1703 2576 1796 2628 eut
1832 2577 1920 2629 ete
1955 2574 2235 2644 beaucoup
2270 2576 2444 2631 moins

436 2643 682 2711 chantee,
717 2643 796 2697 les
815 2642 1137 2710 Rhapsodes
1156 2649 1373 2698 eussent
1410 2644 1497 2697 ete
1518 2643 1690 2697 moins
1710 2643 2030 2698 recherches
2054 2651 2110 2697 et
2128 2660 2184 2699 se
2210 2646 2445 2699 seroient

434 2712 608 2766 moins
640 2711 948 2780 multipliea
1018 2714 1213 2766 Aucun
1248 2717 1406 2766 autre
1442 2711 1610 2767 Poete
1647 2714 1736 2765 n’a
1771 2713 1857 2766 ete
1894 2713 2031 2767 ainsi
2068 2714 2261 2766 chante
2316 2713 2362 2766 si
2380 2728 2443 2768 ce

435 2782 572 2834 n’est
608 2779 658 2833 le
694 2780 861 2834 Tasse
897 2780 931 2833 a
965 2779 1191 2848 Venise;
1235 2795 1430 2834 encore
1466 2784 1691 2835 n'est-ce
1728 2795 1834 2847 que
1870 2797 1973 2848 par
2006 2781 2088 2835 les
2124 2754 2443 2836 Gondoh'ers

436 2848 531 2915 qui
565 2863 633 2902 ne
670 2853 791 2902 sont
824 2863 925 2916 pas
960 2848 1157 2916 grands
1205 2848 1454 2903 lecteurs.
1513 2880 1574 2888 —
1634 2847 1741 2902 Les
1776 2848 2001 2911 Poemes
2036 2849 2325 2905 d'Homere
2360 2864 2442 2903 re-

436 2917 641 2970 sterent
674 2916 962 2985 long-tems
997 2917 1159 2970 ecrits
1195 2917 1492 2972 seulement
1528 2917 1662 2972 dans
1696 2917 1750 2971 la
1781 2919 2036 2971 memoire
2061 2917 2155 2972 des
2172 2918 2442 2985 hommes3

436 2984 502 3039 ils
537 2983 720 3038 furent
754 2984 1074 3039 rassembles
1119 3001 1224 3053 par
1269 2986 1408 3039 ecrit
1452 3001 1605 3040 assez
1642 2984 1765 3038 tard
1801 2991 1857 3038 et
1892 3000 2023 3039 avec
2057 2986 2339 3053 beaucoup
2374 2985 2441 3039 de

436 3052 612 3121 peine.
685 3053 758 3108 Oe
795 3052 878 3106 fut
912 3053 1093 3122 quand
1126 3055 1181 3108 la
1217 3053 1394 3109 Grece
1433 3068 1741 3120 commenca
1777 3052 2073 3108 d'abonder
2109 3069 2174 3107 en
2207 3053 2369 3107 livres
2387 3060 2444 3106 et

438 3137 507 3174 en
540 3121 723 3189 poesie
761 3122 953 3191 ecrite,
999 3137 1103 3191 que
1151 3128 1273 3178 tout
1316 3123 1369 3176 le
1418 3122 1634 3177 charme
1691 3122 1758 3175 de
1794 3122 1928 3176 celle
1966 3121 2252 3175 d’Homere
2289 3136 2346 3175 se
2381 3120 2445 3174 fit

438 3188 606 3243 sentir
639 3205 743 3258 par
786 3190 1172 3259 comparaison.
1243 3190 1352 3244 Les
1390 3196 1575 3245 autres
1610 3190 1806 3245 Poetes
1842 3190 2162 3259 ecrivoient,
2207 3189 2444 3244 Homere

438 3257 554 3311 seul
589 3258 737 3312 avoit
771 3258 983 3328 chante,
1020 3263 1075 3312 et
1111 3273 1202 3313 ces
1238 3259 1431 3313 chants
1467 3259 1643 3313 divins
1677 3263 1827 3313 n'ont
1862 3261 2009 3312 cesse
2030 3258 2199 3313 d'etre
2225 3260 2443 3312 ecoutes

438 3341 572 3380 avec
605 3327 956 3383 ravissement
991 3342 1094 3395 que
1131 3327 1312 3395 quand
1335 3328 1595 3408 l’Europe
1631 3331 1763 3382 s’est
1799 3332 2051 3383 converte
2076 3326 2142 3381 de
2165 3326 2441 3391 barbareS,

441 3393 534 3464 qui
569 3409 626 3449 se
664 3400 786 3451 sont
820 3395 989 3451 meles
1025 3396 1092 3451 de
1122 3395 1287 3464 juger
1322 3411 1386 3451 ce
1425 3397 1583 3465 qu’ils
1618 3411 1687 3450 ne
1723 3396 2017 3466 pouvoient
2052 3395 2267 3449 sentin«
