<?xml version="1.0" encoding="UTF-8"?>
<!DOCTYPE html PUBLIC "-//W3C//DTD XHTML 1.0 Transitional//EN"
    "http://www.w3.org/TR/xhtml1/DTD/xhtml1-transitional.dtd">
<html xmlns="http://www.w3.org/1999/xhtml" xml:lang="en" lang="en">
 <head>
  <title>
</title>
<meta http-equiv="Content-Type" content="text/html;charset=utf-8" />
  <meta name='ocr-system' content='tesseract 3.04.00' />
  <meta name='ocr-capabilities' content='ocr_page ocr_carea ocr_par ocr_line ocrx_word'/>
</head>
<body>
  <div class='ocr_page' id='page_1' title='image "./prolegomenaadho00bekkgoog_0431.png"; bbox 0 0 2734 4000; ppageno 0'>
   <div class='ocr_carea' id='block_1_1' title="bbox 1104 236 1459 292">
    <p class='ocr_par' dir='ltr' id='par_1_1' title="bbox 1104 236 1459 292">
     <span class='ocr_line' id='line_1_1' title="bbox 1104 236 1459 292; baseline -0.006 0"><span class='ocrx_word' id='word_1_1' title='bbox 1104 264 1177 275; x_wconf 93' lang='lat'>—</span> <span class='ocrx_word' id='word_1_2' title='bbox 1235 236 1459 292; x_wconf 78' lang='lat'><strong>141—-</strong></span> 
     </span>
    </p>
   </div>
   <div class='ocr_carea' id='block_1_2' title="bbox 270 383 2386 2152">
    <p class='ocr_par' dir='ltr' id='par_1_2' title="bbox 270 383 2386 2152">
     <span class='ocr_line' id='line_1_2' title="bbox 433 383 2287 460; baseline -0.001 -14"><span class='ocrx_word' id='word_1_3' title='bbox 433 386 667 446; x_wconf 87' lang='lat' dir='ltr'><strong>Dicitur</strong></span> <span class='ocrx_word' id='word_1_4' title='bbox 689 385 1064 446; x_wconf 84' lang='lat' dir='ltr'><strong>Aristarchus</strong></span> <span class='ocrx_word' id='word_1_5' title='bbox 1104 385 1350 460; x_wconf 90' lang='lat' dir='ltr'><strong>amplius</strong></span> <span class='ocrx_word' id='word_1_6' title='bbox 1371 383 1575 445; x_wconf 83' lang='lat' dir='ltr'><strong>Dccc</strong></span> <span class='ocrx_word' id='word_1_7' title='bbox 1603 383 2059 446; x_wconf 80' lang='lat' dir='ltr'><strong>Commentarios</strong></span> <span class='ocrx_word' id='word_1_8' title='bbox 2097 402 2287 458; x_wconf 83' lang='lat' dir='ltr'><strong>gram-</strong></span> 
     </span>
     <span class='ocr_line' id='line_1_3' title="bbox 277 462 2283 537; baseline 0 -15"><span class='ocrx_word' id='word_1_9' title='bbox 277 466 520 524; x_wconf 89' lang='lat' dir='ltr'><strong>maticos</strong></span> <span class='ocrx_word' id='word_1_10' title='bbox 550 469 610 522; x_wconf 92' lang='lat' dir='ltr'><strong>et</strong></span> <span class='ocrx_word' id='word_1_11' title='bbox 636 463 867 523; x_wconf 90' lang='lat' dir='ltr'><strong>criticos</strong></span> <span class='ocrx_word' id='word_1_12' title='bbox 895 463 1325 537; x_wconf 81' lang='lat' dir='ltr'><strong>conscripsisse,</strong></span> <span class='ocrx_word' id='word_1_13' title='bbox 1354 478 1442 536; x_wconf 92' lang='lat' dir='ltr'><strong>ac,</strong></span> <span class='ocrx_word' id='word_1_14' title='bbox 1470 463 1521 521; x_wconf 89' lang='lat' dir='ltr'><strong>si</strong></span> <span class='ocrx_word' id='word_1_15' title='bbox 1550 462 1788 522; x_wconf 85' lang='lat' dir='ltr'><strong>Suidam</strong></span> <span class='ocrx_word' id='word_1_16' title='bbox 1813 468 1974 521; x_wconf 89' lang='lat' dir='ltr'><strong>recte</strong></span> <span class='ocrx_word' id='word_1_17' title='bbox 2000 462 2283 536; x_wconf 82' lang='lat' dir='ltr'><strong>intelligo,</strong></span> 
     </span>
     <span class='ocr_line' id='line_1_4' title="bbox 279 539 2283 612; baseline -0 -14"><span class='ocrx_word' id='word_1_18' title='bbox 279 541 423 600; x_wconf 89' lang='lat' dir='ltr'><strong>nihil</strong></span> <span class='ocrx_word' id='word_1_19' title='bbox 475 540 633 599; x_wconf 87' lang='lat' dir='ltr'><strong>aliud</strong></span> <span class='ocrx_word' id='word_1_20' title='bbox 682 556 854 612; x_wconf 89' lang='lat' dir='ltr'><strong>quam</strong></span> <span class='ocrx_word' id='word_1_21' title='bbox 909 539 1442 610; x_wconf 66' lang='lat' dir='ltr'><strong>Commentariosss).</strong></span> <span class='ocrx_word' id='word_1_22' title='bbox 1536 539 1754 599; x_wconf 90' lang='lat' dir='ltr'><strong>Verum</strong></span> <span class='ocrx_word' id='word_1_23' title='bbox 1802 540 1916 612; x_wconf 89' lang='lat' dir='ltr'><strong>illi,</strong></span> <span class='ocrx_word' id='word_1_24' title='bbox 1966 540 2026 598; x_wconf 90' lang='lat' dir='ltr'><strong>in</strong></span> <span class='ocrx_word' id='word_1_25' title='bbox 2076 540 2283 612; x_wconf 91' lang='lat' dir='ltr'><strong>quibus</strong></span> 
     </span>
     <span class='ocr_line' id='line_1_5' title="bbox 281 617 2386 692; baseline -0.001 -15"><span class='ocrx_word' id='word_1_26' title='bbox 281 619 542 692; x_wconf 88' lang='lat' dir='ltr'><strong>exemplo</strong></span> <span class='ocrx_word' id='word_1_27' title='bbox 566 617 963 691; x_wconf 89' lang='lat' dir='ltr'><strong>praeceptoris</strong></span> <span class='ocrx_word' id='word_1_28' title='bbox 982 618 1072 676; x_wconf 90' lang='lat' dir='ltr'><strong>sui</strong></span> <span class='ocrx_word' id='word_1_29' title='bbox 1090 617 1719 690; x_wconf 88' lang='lat' dir='ltr'><strong>praestantissimorum</strong></span> <span class='ocrx_word' id='word_1_30' title='bbox 1737 622 2041 690; x_wconf 76' lang='lat' dir='ltr'><strong>poetarum</strong></span> <span class='ocrx_word' id='word_1_31' title='bbox 2065 623 2125 676; x_wconf 92' lang='lat' dir='ltr'><strong>et</strong></span> <span class='ocrx_word' id='word_1_32' title='bbox 2143 617 2285 675; x_wconf 88' lang='lat' dir='ltr'><strong>mul·</strong></span> <span class='ocrx_word' id='word_1_33' title='bbox 2309 622 2386 662; x_wconf 77' lang='lat'><strong>2³⁰</strong></span> 
     </span>
     <span class='ocr_line' id='line_1_6' title="bbox 279 693 2286 767; baseline -0 -14"><span class='ocrx_word' id='word_1_34' title='bbox 279 700 470 753; x_wconf 91' lang='lat' dir='ltr'><strong>tarum</strong></span> <span class='ocrx_word' id='word_1_35' title='bbox 500 694 920 753; x_wconf 88' lang='lat' dir='ltr'><strong>Grammatices</strong></span> <span class='ocrx_word' id='word_1_36' title='bbox 958 695 1210 767; x_wconf 90' lang='lat' dir='ltr'><strong>partium</strong></span> <span class='ocrx_word' id='word_1_37' title='bbox 1254 693 1696 767; x_wconf 84' lang='lat' dir='ltr'><strong>explicationem</strong></span> <span class='ocrx_word' id='word_1_38' title='bbox 1725 700 1788 752; x_wconf 91' lang='lat' dir='ltr'><strong>et</strong></span> <span class='ocrx_word' id='word_1_39' title='bbox 1806 709 2108 752; x_wconf 80' lang='lat' dir='ltr'><strong>censuram</strong></span> <span class='ocrx_word' id='word_1_40' title='bbox 2135 710 2286 753; x_wconf 91' lang='lat' dir='ltr'><strong>com-</strong></span> 
     </span>
     <span class='ocr_line' id='line_1_7' title="bbox 278 769 2285 845; baseline -0 -15"><span class='ocrx_word' id='word_1_41' title='bbox 278 772 482 845; x_wconf 84' lang='lat' dir='ltr'><strong>plexus</strong></span> <span class='ocrx_word' id='word_1_42' title='bbox 524 777 669 844; x_wconf 90' lang='lat' dir='ltr'><strong>erat,</strong></span> <span class='ocrx_word' id='word_1_43' title='bbox 708 772 825 829; x_wconf 88' lang='lat' dir='ltr'><strong>iam</strong></span> <span class='ocrx_word' id='word_1_44' title='bbox 864 771 1078 828; x_wconf 92' lang='lat' dir='ltr'><strong>dudum</strong></span> <span class='ocrx_word' id='word_1_45' title='bbox 1117 771 1202 828; x_wconf 91' lang='lat' dir='ltr'><strong>ita</strong></span> <span class='ocrx_word' id='word_1_46' title='bbox 1236 771 1553 844; x_wconf 87' lang='lat' dir='ltr'><strong>perierunt,</strong></span> <span class='ocrx_word' id='word_1_47' title='bbox 1593 778 1659 829; x_wconf 92' lang='lat' dir='ltr'><strong>ut</strong></span> <span class='ocrx_word' id='word_1_48' title='bbox 1684 786 1758 828; x_wconf 92' lang='lat' dir='ltr'><strong>ne</strong></span> <span class='ocrx_word' id='word_1_49' title='bbox 1784 769 2024 829; x_wconf 87' lang='lat' dir='ltr'><strong>formam</strong></span> <span class='ocrx_word' id='word_1_50' title='bbox 2052 770 2285 843; x_wconf 88' lang='lat' dir='ltr'><strong>quidem</strong></span> 
     </span>
     <span class='ocr_line' id='line_1_8' title="bbox 277 847 2284 921; baseline -0 -15"><span class='ocrx_word' id='word_1_51' title='bbox 277 849 453 906; x_wconf 90' lang='lat' dir='ltr'><strong>ullius</strong></span> <span class='ocrx_word' id='word_1_52' title='bbox 496 864 714 920; x_wconf 91' lang='lat' dir='ltr'><strong>eorum,</strong></span> <span class='ocrx_word' id='word_1_53' title='bbox 753 864 940 919; x_wconf 90' lang='lat' dir='ltr'><strong>neque</strong></span> <span class='ocrx_word' id='word_1_54' title='bbox 978 864 1049 906; x_wconf 81' lang='lat' dir='ltr'><strong>ex</strong></span> <span class='ocrx_word' id='word_1_55' title='bbox 1069 847 1212 920; x_wconf 91' lang='lat' dir='ltr'><strong>ipsis</strong></span> <span class='ocrx_word' id='word_1_56' title='bbox 1244 847 1698 921; x_wconf 84' lang='lat' dir='ltr'><strong>quaestionibus,</strong></span> <span class='ocrx_word' id='word_1_57' title='bbox 1739 863 1883 919; x_wconf 90' lang='lat' dir='ltr'><strong>quas</strong></span> <span class='ocrx_word' id='word_1_58' title='bbox 1911 853 2284 920; x_wconf 81' lang='lat' dir='ltr'><strong>tractaverat,</strong></span> 
     </span>
     <span class='ocr_line' id='line_1_9' title="bbox 281 920 2286 999; baseline -0 -16"><span class='ocrx_word' id='word_1_59' title='bbox 281 931 342 984; x_wconf 92' lang='lat' dir='ltr'><strong>et</strong></span> <span class='ocrx_word' id='word_1_60' title='bbox 383 920 590 997; x_wconf 89' lang='lat' dir='ltr'><strong>quibus</strong></span> <span class='ocrx_word' id='word_1_61' title='bbox 633 925 807 983; x_wconf 89' lang='lat' dir='ltr'><strong>etiam</strong></span> <span class='ocrx_word' id='word_1_62' title='bbox 847 941 997 982; x_wconf 92' lang='lat' dir='ltr'><strong>nunc</strong></span> <span class='ocrx_word' id='word_1_63' title='bbox 1036 941 1247 997; x_wconf 87' lang='lat' dir='ltr'><strong>magna</strong></span> <span class='ocrx_word' id='word_1_64' title='bbox 1284 941 1423 999; x_wconf 90' lang='lat' dir='ltr'><strong>pars</strong></span> <span class='ocrx_word' id='word_1_65' title='bbox 1461 925 1832 983; x_wconf 87' lang='lat' dir='ltr'><strong>litteraturae</strong></span> <span class='ocrx_word' id='word_1_66' title='bbox 1857 924 2081 997; x_wconf 91' lang='lat' dir='ltr'><strong>nititur,</strong></span> <span class='ocrx_word' id='word_1_67' title='bbox 2121 923 2286 997; x_wconf 91' lang='lat' dir='ltr'><strong>quid—</strong></span> 
     </span>
     <span class='ocr_line' id='line_1_10' title="bbox 284 1000 2286 1074; baseline -0 -15"><span class='ocrx_word' id='word_1_68' title='bbox 284 1018 457 1074; x_wconf 88' lang='lat' dir='ltr'><strong>quam</strong></span> <span class='ocrx_word' id='word_1_69' title='bbox 497 1008 735 1074; x_wconf 89' lang='lat' dir='ltr'><strong>praeter</strong></span> <span class='ocrx_word' id='word_1_70' title='bbox 774 1001 1068 1074; x_wconf 90' lang='lat' dir='ltr'><strong>dispersas</strong></span> <span class='ocrx_word' id='word_1_71' title='bbox 1109 1000 1390 1073; x_wconf 89' lang='lat' dir='ltr'><strong>quasdam</strong></span> <span class='ocrx_word' id='word_1_72' title='bbox 1419 1008 1480 1060; x_wconf 93' lang='lat' dir='ltr'><strong>et</strong></span> <span class='ocrx_word' id='word_1_73' title='bbox 1503 1003 1714 1059; x_wconf 88' lang='lat' dir='ltr'><strong>misere</strong></span> <span class='ocrx_word' id='word_1_74' title='bbox 1739 1002 2028 1059; x_wconf 86' lang='lat' dir='ltr'><strong>laceratas</strong></span> <span class='ocrx_word' id='word_1_75' title='bbox 2057 1007 2286 1059; x_wconf 91' lang='lat' dir='ltr'><strong>senten-</strong></span> 
     </span>
     <span class='ocr_line' id='line_1_11' title="bbox 274 1075 2284 1151; baseline -0 -15"><span class='ocrx_word' id='word_1_76' title='bbox 274 1078 448 1138; x_wconf 90' lang='lat' dir='ltr'><strong>tiolas</strong></span> <span class='ocrx_word' id='word_1_77' title='bbox 475 1078 731 1150; x_wconf 88' lang='lat' dir='ltr'><strong>reliquas</strong></span> <span class='ocrx_word' id='word_1_78' title='bbox 755 1078 1091 1137; x_wconf 89' lang='lat' dir='ltr'><strong>habeamus.</strong></span> <span class='ocrx_word' id='word_1_79' title='bbox 1168 1077 1252 1137; x_wconf 89' lang='lat' dir='ltr'><strong>Ut</strong></span> <span class='ocrx_word' id='word_1_80' title='bbox 1280 1078 1449 1137; x_wconf 87' lang='lat' dir='ltr'><strong>exiis</strong></span> <span class='ocrx_word' id='word_1_81' title='bbox 1476 1077 1656 1151; x_wconf 90' lang='lat' dir='ltr'><strong>libris,</strong></span> <span class='ocrx_word' id='word_1_82' title='bbox 1712 1094 1856 1150; x_wconf 90' lang='lat' dir='ltr'><strong>quos</strong></span> <span class='ocrx_word' id='word_1_83' title='bbox 1885 1075 2284 1142; x_wconf 87' lang='lat' dir='ltr'><strong>defendendae</strong></span> 
     </span>
     <span class='ocr_line' id='line_1_12' title="bbox 275 1154 2284 1231; baseline -0.001 -17"><span class='ocrx_word' id='word_1_84' title='bbox 275 1155 583 1228; x_wconf 85' lang='lat' dir='ltr'><strong>analogiae</strong></span> <span class='ocrx_word' id='word_1_85' title='bbox 624 1172 800 1213; x_wconf 88' lang='lat' dir='ltr'><strong>causa</strong></span> <span class='ocrx_word' id='word_1_86' title='bbox 805 1154 1351 1231; x_wconf 24' lang='lat' dir='ltr'><strong>pontrazcratetem</strong></span> <span class='ocrx_word' id='word_1_87' title='bbox 1379 1156 1713 1229; x_wconf 87' lang='lat' dir='ltr'><strong>scripserat,</strong></span> <span class='ocrx_word' id='word_1_88' title='bbox 1754 1155 2070 1227; x_wconf 88' lang='lat' dir='ltr'><strong>quantillae</strong></span> <span class='ocrx_word' id='word_1_89' title='bbox 2111 1154 2284 1218; x_wconf 91' lang='lat' dir='ltr'><strong>hodie</strong></span> 
     </span>
     <span class='ocr_line' id='line_1_13' title="bbox 275 1222 2282 1305; baseline 0 -15"><span class='ocrx_word' id='word_1_90' title='bbox 275 1232 412 1290; x_wconf 70' lang='lat' dir='ltr'><strong>s‘unt</strong></span> <span class='ocrx_word' id='word_1_91' title='bbox 449 1222 800 1304; x_wconf 65' lang='lat' dir='ltr'><strong>re11&#39;quiaTE‘95</strong></span> <span class='ocrx_word' id='word_1_92' title='bbox 811 1233 825 1291; x_wconf 81' lang='grc'><strong>1</strong></span> <span class='ocrx_word' id='word_1_93' title='bbox 888 1226 1290 1291; x_wconf 63' lang='grc' dir='ltr'><strong>ΙΠιιειῙ-ἶνθται</strong></span> <span class='ocrx_word' id='word_1_94' title='bbox 1326 1232 1482 1290; x_wconf 91' lang='lat' dir='ltr'><strong>idem</strong></span> <span class='ocrx_word' id='word_1_95' title='bbox 1520 1231 1946 1305; x_wconf 90' lang='lat' dir='ltr'><strong>Archilochum,</strong></span> <span class='ocrx_word' id='word_1_96' title='bbox 1984 1231 2282 1302; x_wconf 84' lang='lat' dir='ltr'><strong>Alcaeum,</strong></span> 
     </span>
     <span class='ocr_line' id='line_1_14' title="bbox 272 1307 2283 1382; baseline -0 -15"><span class='ocrx_word' id='word_1_97' title='bbox 272 1310 715 1382; x_wconf 84' lang='lat' dir='ltr'><strong>Anacreontem,</strong></span> <span class='ocrx_word' id='word_1_98' title='bbox 755 1309 1120 1382; x_wconf 86' lang='lat' dir='ltr'><strong>Aeschylum,</strong></span> <span class='ocrx_word' id='word_1_99' title='bbox 1163 1308 1523 1382; x_wconf 91' lang='lat' dir='ltr'><strong>Sophoclem,</strong></span> <span class='ocrx_word' id='word_1_100' title='bbox 1551 1309 1766 1381; x_wconf 92' lang='lat' dir='ltr'><strong>Ionem,</strong></span> <span class='ocrx_word' id='word_1_101' title='bbox 1792 1308 2127 1380; x_wconf 88' lang='lat' dir='ltr'><strong>Pindarum,</strong></span> <span class='ocrx_word' id='word_1_102' title='bbox 2153 1307 2283 1366; x_wconf 90' lang='lat' dir='ltr'><strong>Ari-</strong></span> 
     </span>
     <span class='ocr_line' id='line_1_15' title="bbox 275 1384 2283 1460; baseline -0.001 -16"><span class='ocrx_word' id='word_1_103' title='bbox 275 1386 635 1460; x_wconf 89' lang='lat' dir='ltr'><strong>stophanem,</strong></span> <span class='ocrx_word' id='word_1_104' title='bbox 674 1385 937 1459; x_wconf 91' lang='lat' dir='ltr'><strong>Aratum,</strong></span> <span class='ocrx_word' id='word_1_105' title='bbox 994 1386 1157 1445; x_wconf 89' lang='lat' dir='ltr'><strong>alios.</strong></span> <span class='ocrx_word' id='word_1_106' title='bbox 1237 1385 1458 1445; x_wconf 89' lang='lat' dir='ltr'><strong>Horum</strong></span> <span class='ocrx_word' id='word_1_107' title='bbox 1499 1391 1727 1458; x_wconf 87' lang='lat' dir='ltr'><strong>partem</strong></span> <span class='ocrx_word' id='word_1_108' title='bbox 1768 1402 1895 1444; x_wconf 93' lang='lat' dir='ltr'><strong>cum</strong></span> <span class='ocrx_word' id='word_1_109' title='bbox 1935 1386 2076 1459; x_wconf 92' lang='lat' dir='ltr'><strong>ipsis</strong></span> <span class='ocrx_word' id='word_1_110' title='bbox 2120 1384 2283 1444; x_wconf 89' lang='lat' dir='ltr'><strong>Com—</strong></span> 
     </span>
     <span class='ocr_line' id='line_1_16' title="bbox 272 1462 2284 1535; baseline -0 -15"><span class='ocrx_word' id='word_1_111' title='bbox 272 1463 573 1521; x_wconf 87' lang='lat' dir='ltr'><strong>mentariis</strong></span> <span class='ocrx_word' id='word_1_112' title='bbox 615 1469 778 1521; x_wconf 90' lang='lat' dir='ltr'><strong>aetas</strong></span> <span class='ocrx_word' id='word_1_113' title='bbox 805 1462 997 1521; x_wconf 90' lang='lat' dir='ltr'><strong>Musis</strong></span> <span class='ocrx_word' id='word_1_114' title='bbox 1042 1463 1230 1522; x_wconf 87' lang='lat' dir='ltr'><strong>invisa</strong></span> <span class='ocrx_word' id='word_1_115' title='bbox 1271 1463 1541 1535; x_wconf 83' lang='lat' dir='ltr'><strong>abstulit3</strong></span> <span class='ocrx_word' id='word_1_116' title='bbox 1584 1462 1659 1521; x_wconf 89' lang='lat' dir='ltr'><strong>ad</strong></span> <span class='ocrx_word' id='word_1_117' title='bbox 1698 1463 1895 1535; x_wconf 87' lang='lat' dir='ltr'><strong>plures</strong></span> <span class='ocrx_word' id='word_1_118' title='bbox 1925 1478 2142 1535; x_wconf 90' lang='lat' dir='ltr'><strong>eorum,</strong></span> <span class='ocrx_word' id='word_1_119' title='bbox 2182 1463 2284 1534; x_wconf 91' lang='lat' dir='ltr'><strong>qui</strong></span> 
     </span>
     <span class='ocr_line' id='line_1_17' title="bbox 276 1538 2357 1613; baseline -0 -16"><span class='ocrx_word' id='word_1_120' title='bbox 276 1545 522 1611; x_wconf 87' lang='lat' dir='ltr'><strong>exstant,</strong></span> <span class='ocrx_word' id='word_1_121' title='bbox 562 1539 706 1598; x_wconf 91' lang='lat' dir='ltr'><strong>nihil</strong></span> <span class='ocrx_word' id='word_1_122' title='bbox 725 1547 1011 1613; x_wconf 88' lang='lat' dir='ltr'><strong>superest,</strong></span> <span class='ocrx_word' id='word_1_123' title='bbox 1055 1545 1214 1598; x_wconf 90' lang='lat' dir='ltr'><strong>certe</strong></span> <span class='ocrx_word' id='word_1_124' title='bbox 1244 1539 1401 1613; x_wconf 89' lang='lat' dir='ltr'><strong>quod</strong></span> <span class='ocrx_word' id='word_1_125' title='bbox 1429 1544 1657 1599; x_wconf 90' lang='lat' dir='ltr'><strong>constet</strong></span> <span class='ocrx_word' id='word_1_126' title='bbox 1682 1540 1837 1598; x_wconf 89' lang='lat' dir='ltr'><strong>illius</strong></span> <span class='ocrx_word' id='word_1_127' title='bbox 1867 1555 2024 1611; x_wconf 81' lang='lat' dir='ltr'><strong>esse3</strong></span> <span class='ocrx_word' id='word_1_128' title='bbox 2066 1538 2143 1598; x_wconf 88' lang='lat' dir='ltr'><strong>ad</strong></span> <span class='ocrx_word' id='word_1_129' title='bbox 2167 1539 2282 1611; x_wconf 84' lang='lat' dir='ltr'><strong>Ly·</strong></span> <span class='ocrx_word' id='word_1_130' title='bbox 2350 1578 2357 1587; x_wconf 80' lang='lat'><em>,</em></span> 
     </span>
     <span class='ocr_line' id='line_1_18' title="bbox 274 1616 2283 1690; baseline 0 -17"><span class='ocrx_word' id='word_1_131' title='bbox 274 1617 459 1675; x_wconf 91' lang='lat' dir='ltr'><strong>ricum</strong></span> <span class='ocrx_word' id='word_1_132' title='bbox 502 1616 736 1689; x_wconf 90' lang='lat' dir='ltr'><strong>quidem</strong></span> <span class='ocrx_word' id='word_1_133' title='bbox 766 1624 827 1675; x_wconf 91' lang='lat' dir='ltr'><strong>et</strong></span> <span class='ocrx_word' id='word_1_134' title='bbox 855 1616 1144 1676; x_wconf 90' lang='lat' dir='ltr'><strong>Comicum</strong></span> <span class='ocrx_word' id='word_1_135' title='bbox 1173 1616 1414 1690; x_wconf 91' lang='lat' dir='ltr'><strong>aliquid,</strong></span> <span class='ocrx_word' id='word_1_136' title='bbox 1455 1616 1561 1674; x_wconf 93' lang='lat' dir='ltr'><strong>sed</strong></span> <span class='ocrx_word' id='word_1_137' title='bbox 1585 1616 1728 1674; x_wconf 90' lang='lat' dir='ltr'><strong>nihil</strong></span> <span class='ocrx_word' id='word_1_138' title='bbox 1755 1616 1830 1676; x_wconf 87' lang='lat' dir='ltr'><strong>ad</strong></span> <span class='ocrx_word' id='word_1_139' title='bbox 1850 1616 1929 1690; x_wconf 94' lang='lat' dir='ltr'><strong>id,</strong></span> <span class='ocrx_word' id='word_1_140' title='bbox 1971 1616 2127 1688; x_wconf 91' lang='lat' dir='ltr'><strong>quod</strong></span> <span class='ocrx_word' id='word_1_141' title='bbox 2145 1616 2283 1675; x_wconf 92' lang='lat' dir='ltr'><strong>olim</strong></span> 
     </span>
     <span class='ocr_line' id='line_1_19' title="bbox 274 1685 2282 1765; baseline -0 -14"><span class='ocrx_word' id='word_1_142' title='bbox 274 1690 483 1751; x_wconf 83' lang='lat' dir='ltr'><strong>fuerat.</strong></span> <span class='ocrx_word' id='word_1_143' title='bbox 567 1692 758 1765; x_wconf 79' lang='lat' dir='ltr'><strong>Quid?</strong></span> <span class='ocrx_word' id='word_1_144' title='bbox 811 1694 974 1765; x_wconf 80' lang='lat' dir='ltr'><strong>quod</strong></span> <span class='ocrx_word' id='word_1_145' title='bbox 1014 1697 1371 1750; x_wconf 73' lang='lat' dir='ltr'><strong>recensionem</strong></span> <span class='ocrx_word' id='word_1_146' title='bbox 1421 1694 1544 1752; x_wconf 88' lang='lat' dir='ltr'><strong>eius</strong></span> <span class='ocrx_word' id='word_1_147' title='bbox 1585 1685 1934 1749; x_wconf 50' lang='lat' dir='ltr'><strong>Homerum</strong></span> <span class='ocrx_word' id='word_1_148' title='bbox 1973 1693 2282 1753; x_wconf 83' lang='lat' dir='ltr'><strong>admodum</strong></span> 
     </span>
     <span class='ocr_line' id='line_1_20' title="bbox 273 1770 2283 1844; baseline 0 -18"><span class='ocrx_word' id='word_1_149' title='bbox 273 1785 460 1844; x_wconf 90' lang='lat' dir='ltr'><strong>nuper</strong></span> <span class='ocrx_word' id='word_1_150' title='bbox 497 1776 617 1828; x_wconf 90' lang='lat' dir='ltr'><strong>tam</strong></span> <span class='ocrx_word' id='word_1_151' title='bbox 642 1787 849 1843; x_wconf 89' lang='lat' dir='ltr'><strong>parum</strong></span> <span class='ocrx_word' id='word_1_152' title='bbox 889 1787 1177 1843; x_wconf 77' lang='lat' dir='ltr'><strong>noramuS,</strong></span> <span class='ocrx_word' id='word_1_153' title='bbox 1216 1776 1303 1842; x_wconf 89' lang='lat' dir='ltr'><strong>ut,</strong></span> <span class='ocrx_word' id='word_1_154' title='bbox 1344 1776 1629 1842; x_wconf 80' lang='lat' dir='ltr'><strong>quatenus</strong></span> <span class='ocrx_word' id='word_1_155' title='bbox 1655 1770 1802 1828; x_wconf 90' lang='lat' dir='ltr'><strong>haec</strong></span> <span class='ocrx_word' id='word_1_156' title='bbox 1816 1770 2064 1842; x_wconf 86' lang='lat' dir='ltr'><strong>.vulgata</strong></span> <span class='ocrx_word' id='word_1_157' title='bbox 2083 1775 2283 1830; x_wconf 83' lang='lat' dir='ltr'><strong>nostra</strong></span> 
     </span>
     <span class='ocr_line' id='line_1_21' title="bbox 274 1845 2279 1920; baseline -0.001 -16"><span class='ocrx_word' id='word_1_158' title='bbox 274 1846 350 1904; x_wconf 91' lang='lat' dir='ltr'><strong>ad</strong></span> <span class='ocrx_word' id='word_1_159' title='bbox 392 1862 519 1904; x_wconf 91' lang='lat' dir='ltr'><strong>eam</strong></span> <span class='ocrx_word' id='word_1_160' title='bbox 559 1847 899 1920; x_wconf 89' lang='lat' dir='ltr'><strong>accederet,</strong></span> <span class='ocrx_word' id='word_1_161' title='bbox 951 1864 988 1906; x_wconf 91' lang='lat' dir='ltr'><strong>a</strong></span> <span class='ocrx_word' id='word_1_162' title='bbox 1025 1847 1163 1905; x_wconf 86' lang='lat' dir='ltr'><strong>viris</strong></span> <span class='ocrx_word' id='word_1_163' title='bbox 1205 1847 1391 1906; x_wconf 91' lang='lat' dir='ltr'><strong>doctis</strong></span> <span class='ocrx_word' id='word_1_164' title='bbox 1430 1845 1651 1905; x_wconf 88' lang='lat' dir='ltr'><strong>frustra</strong></span> <span class='ocrx_word' id='word_1_165' title='bbox 1691 1852 2089 1919; x_wconf 89' lang='lat' dir='ltr'><strong>quaereretur.</strong></span> <span class='ocrx_word' id='word_1_166' title='bbox 2170 1845 2279 1905; x_wconf 88' lang='lat' dir='ltr'><strong>Cui</strong></span> 
     </span>
     <span class='ocr_line' id='line_1_22' title="bbox 273 1921 2385 1997; baseline 0.001 -18"><span class='ocrx_word' id='word_1_167' title='bbox 273 1924 600 1994; x_wconf 90' lang='lat' dir='ltr'><strong>quaestioni</strong></span> <span class='ocrx_word' id='word_1_168' title='bbox 640 1924 752 1981; x_wconf 91' lang='lat' dir='ltr'><strong>etsi</strong></span> <span class='ocrx_word' id='word_1_169' title='bbox 789 1940 863 1982; x_wconf 91' lang='lat' dir='ltr'><strong>ne</strong></span> <span class='ocrx_word' id='word_1_170' title='bbox 902 1940 1054 1982; x_wconf 91' lang='lat' dir='ltr'><strong>nunc</strong></span> <span class='ocrx_word' id='word_1_171' title='bbox 1093 1923 1326 1996; x_wconf 90' lang='lat' dir='ltr'><strong>quidem</strong></span> <span class='ocrx_word' id='word_1_172' title='bbox 1365 1921 1638 1982; x_wconf 87' lang='lat' dir='ltr'><strong>satisfieri</strong></span> <span class='ocrx_word' id='word_1_173' title='bbox 1679 1940 1716 1982; x_wconf 91' lang='lat' dir='ltr'><strong>a</strong></span> <span class='ocrx_word' id='word_1_174' title='bbox 1753 1922 1917 1982; x_wconf 90' lang='lat' dir='ltr'><strong>nobis</strong></span> <span class='ocrx_word' id='word_1_175' title='bbox 1941 1928 2156 1997; x_wconf 89' lang='lat' dir='ltr'><strong>potest,</strong></span> <span class='ocrx_word' id='word_1_176' title='bbox 2196 1928 2283 1982; x_wconf 86' lang='lat' dir='ltr'><strong>ta—</strong></span> <span class='ocrx_word' id='word_1_177' title='bbox 2309 1935 2385 1975; x_wconf 77' lang='lat'><strong>2³1</strong></span> 
     </span>
     <span class='ocr_line' id='line_1_23' title="bbox 270 1999 2281 2073; baseline 0 -15"><span class='ocrx_word' id='word_1_178' title='bbox 270 2016 402 2058; x_wconf 91' lang='lat' dir='ltr'><strong>men</strong></span> <span class='ocrx_word' id='word_1_179' title='bbox 422 1999 773 2061; x_wconf 91' lang='lat' dir='ltr'><strong>Venetorum</strong></span> <span class='ocrx_word' id='word_1_180' title='bbox 797 2001 1153 2061; x_wconf 88' lang='lat' dir='ltr'><strong>Scholiorum</strong></span> <span class='ocrx_word' id='word_1_181' title='bbox 1190 1999 1469 2061; x_wconf 88' lang='lat' dir='ltr'><strong>beneficio</strong></span> <span class='ocrx_word' id='word_1_182' title='bbox 1502 2007 1595 2062; x_wconf 92' lang='lat' dir='ltr'><strong>tot</strong></span> <span class='ocrx_word' id='word_1_183' title='bbox 1622 2006 1937 2073; x_wconf 88' lang='lat' dir='ltr'><strong>tantaeque</strong></span> <span class='ocrx_word' id='word_1_184' title='bbox 1957 2000 2281 2059; x_wconf 88' lang='lat' dir='ltr'><strong>Aristarchi</strong></span> 
     </span>
     <span class='ocr_line' id='line_1_24' title="bbox 272 2077 2283 2152; baseline 0 -16"><span class='ocrx_word' id='word_1_185' title='bbox 272 2077 478 2151; x_wconf 89' lang='lat' dir='ltr'><strong>copiae</strong></span> <span class='ocrx_word' id='word_1_186' title='bbox 505 2084 838 2152; x_wconf 86' lang='lat' dir='ltr'><strong>patuerunt,</strong></span> <span class='ocrx_word' id='word_1_187' title='bbox 878 2085 944 2138; x_wconf 90' lang='lat' dir='ltr'><strong>ut</strong></span> <span class='ocrx_word' id='word_1_188' title='bbox 969 2079 1020 2137; x_wconf 90' lang='lat' dir='ltr'><strong>is</strong></span> <span class='ocrx_word' id='word_1_189' title='bbox 1042 2095 1189 2136; x_wconf 91' lang='lat' dir='ltr'><strong>unus</strong></span> <span class='ocrx_word' id='word_1_190' title='bbox 1213 2077 1378 2138; x_wconf 92' lang='lat' dir='ltr'><strong>nobis</strong></span> <span class='ocrx_word' id='word_1_191' title='bbox 1400 2079 1531 2152; x_wconf 91' lang='lat' dir='ltr'><strong>plus</strong></span> <span class='ocrx_word' id='word_1_192' title='bbox 1555 2078 1748 2152; x_wconf 91' lang='lat' dir='ltr'><strong>operis</strong></span> <span class='ocrx_word' id='word_1_193' title='bbox 1769 2078 2070 2152; x_wconf 87' lang='lat' dir='ltr'><strong>praebeat,</strong></span> <span class='ocrx_word' id='word_1_194' title='bbox 2111 2093 2283 2149; x_wconf 88' lang='lat' dir='ltr'><strong>quam</strong></span> 
     </span>
    </p>
   </div>
   <div class='ocr_carea' id='block_1_3' title="bbox 272 2186 680 2205">
    <p class='ocr_par' dir='ltr' id='par_1_3' title="bbox 272 2186 680 2205">
     <span class='ocr_line' id='line_1_25' title="bbox 272 2186 680 2205; baseline 0 0"><span class='ocrx_word' id='word_1_195' title='bbox 272 2186 680 2205; x_wconf 95' lang='lat' dir='ltr'><strong> </strong></span> 
     </span>
    </p>
   </div>
   <div class='ocr_carea' id='block_1_4' title="bbox 263 2252 2321 2887">
    <p class='ocr_par' dir='ltr' id='par_1_4' title="bbox 265 2252 2282 2447">
     <span class='ocr_line' id='line_1_26' title="bbox 267 2252 2282 2324; baseline -0.002 -14"><span class='ocrx_word' id='word_1_196' title='bbox 267 2255 436 2310; x_wconf 86' lang='lat' dir='ltr'><strong>larem</strong></span> <span class='ocrx_word' id='word_1_197' title='bbox 484 2256 708 2324; x_wconf 83' lang='lat' dir='ltr'><strong>gloriam</strong></span> <span class='ocrx_word' id='word_1_198' title='bbox 751 2255 1096 2310; x_wconf 86' lang='lat' dir='ltr'><strong>revocabant.</strong></span> <span class='ocrx_word' id='word_1_199' title='bbox 1171 2253 1322 2310; x_wconf 86' lang='lat' dir='ltr'><strong>Conf.</strong></span> <span class='ocrx_word' id='word_1_200' title='bbox 1358 2254 1564 2309; x_wconf 85' lang='lat' dir='ltr'><strong>Mureti</strong></span> <span class='ocrx_word' id='word_1_201' title='bbox 1597 2253 1725 2309; x_wconf 90' lang='lat' dir='ltr'><strong>Var.</strong></span> <span class='ocrx_word' id='word_1_202' title='bbox 1761 2254 1936 2309; x_wconf 89' lang='lat' dir='ltr'><strong>Lectt.</strong></span> <span class='ocrx_word' id='word_1_203' title='bbox 1973 2252 2068 2322; x_wconf 92' lang='lat' dir='ltr'><strong>VI,</strong></span> <span class='ocrx_word' id='word_1_204' title='bbox 2108 2257 2152 2306; x_wconf 94' lang='lat'><strong>1.</strong></span> <span class='ocrx_word' id='word_1_205' title='bbox 2189 2252 2282 2306; x_wconf 91' lang='lat' dir='ltr'><strong>ubi</strong></span> 
     </span>
     <span class='ocr_line' id='line_1_27' title="bbox 267 2321 2280 2394; baseline -0 -17"><span class='ocrx_word' id='word_1_206' title='bbox 267 2339 408 2393; x_wconf 87' lang='lat' dir='ltr'><strong>quae</strong></span> <span class='ocrx_word' id='word_1_207' title='bbox 446 2324 513 2378; x_wconf 93' lang='lat' dir='ltr'><strong>de</strong></span> <span class='ocrx_word' id='word_1_208' title='bbox 547 2325 891 2394; x_wconf 86' lang='lat' dir='ltr'><strong>philosophia</strong></span> <span class='ocrx_word' id='word_1_209' title='bbox 925 2323 1193 2392; x_wconf 86' lang='lat' dir='ltr'><strong>dicuntur,</strong></span> <span class='ocrx_word' id='word_1_210' title='bbox 1228 2323 1399 2378; x_wconf 88' lang='lat' dir='ltr'><strong>multo</strong></span> <span class='ocrx_word' id='word_1_211' title='bbox 1437 2322 1600 2378; x_wconf 91' lang='lat' dir='ltr'><strong>etiam</strong></span> <span class='ocrx_word' id='word_1_212' title='bbox 1622 2322 1836 2378; x_wconf 81' lang='lat' dir='ltr'><strong>veriora</strong></span> <span class='ocrx_word' id='word_1_213' title='bbox 1858 2327 1984 2376; x_wconf 87' lang='lat' dir='ltr'><strong>sunt</strong></span> <span class='ocrx_word' id='word_1_214' title='bbox 2008 2321 2075 2375; x_wconf 90' lang='lat' dir='ltr'><strong>de</strong></span> <span class='ocrx_word' id='word_1_215' title='bbox 2099 2336 2280 2391; x_wconf 78' lang='lat' dir='ltr'><strong>gram-</strong></span> 
     </span>
     <span class='ocr_line' id='line_1_28' title="bbox 265 2392 718 2447; baseline 0 -1"><span class='ocrx_word' id='word_1_216' title='bbox 265 2392 476 2447; x_wconf 91' lang='lat' dir='ltr'><strong>maticis</strong></span> <span class='ocrx_word' id='word_1_217' title='bbox 512 2393 718 2447; x_wconf 88' lang='lat' dir='ltr'><strong>studiis.</strong></span> 
     </span>
    </p>

    <p class='ocr_par' dir='ltr' id='par_1_5' title="bbox 263 2475 2321 2887">
     <span class='ocr_line' id='line_1_29' title="bbox 416 2475 2321 2547; baseline -0.003 -15"><span class='ocrx_word' id='word_1_218' title='bbox 416 2479 462 2541; x_wconf 81' lang='grc'><strong>8)</strong></span> <span class='ocrx_word' id='word_1_219' title='bbox 497 2478 636 2532; x_wconf 86' lang='lat' dir='ltr'><strong>Nam</strong></span> <span class='ocrx_word' id='word_1_220' title='bbox 663 2477 915 2546; x_wconf 84' lang='lat' dir='ltr'><strong>ambigua</strong></span> <span class='ocrx_word' id='word_1_221' title='bbox 960 2484 1085 2531; x_wconf 90' lang='lat' dir='ltr'><strong>sunt</strong></span> <span class='ocrx_word' id='word_1_222' title='bbox 1119 2476 1284 2531; x_wconf 85' lang='lat' dir='ltr'><strong>verba</strong></span> <span class='ocrx_word' id='word_1_223' title='bbox 1320 2475 1517 2530; x_wconf 84' lang='lat' dir='ltr'><strong>Suidae</strong></span> <span class='ocrx_word' id='word_1_224' title='bbox 1554 2493 1603 2529; x_wconf 86' lang='lat' dir='ltr'><strong>v.</strong></span> <span class='ocrx_word' id='word_1_225' title='bbox 1620 2475 1892 2547; x_wconf 77' lang='grc' dir='ltr'><em>Ἀρίσταρ</em></span> <span class='ocrx_word' id='word_1_226' title='bbox 1931 2495 2014 2536; x_wconf 82' lang='grc' dir='ltr'><strong>ος;</strong></span> <span class='ocrx_word' id='word_1_227' title='bbox 2051 2475 2283 2544; x_wconf 78' lang='grc' dir='ltr'><em>Λέγεται</em></span> <span class='ocrx_word' id='word_1_228' title='bbox 2312 2489 2321 2494; x_wconf 62' lang='grc'><em>“</em></span> 
     </span>
     <span class='ocr_line' id='line_1_30' title="bbox 263 2543 2282 2617; baseline 0 -19"><span class='ocrx_word' id='word_1_229' title='bbox 263 2547 479 2617; x_wconf 75' lang='grc' dir='ltr'><strong><em>γράψαι</em></strong></span> <span class='ocrx_word' id='word_1_230' title='bbox 516 2547 654 2617; x_wconf 82' lang='grc' dir='ltr'><em>ὑπὲρ</em></span> <span class='ocrx_word' id='word_1_231' title='bbox 691 2546 735 2597; x_wconf 87' lang='grc' dir='ltr'>ώ</span> <span class='ocrx_word' id='word_1_232' title='bbox 780 2545 972 2613; x_wconf 78' lang='grc' dir='ltr'><strong><em>βιβλία</em></strong></span> <span class='ocrx_word' id='word_1_233' title='bbox 1022 2545 1528 2615; x_wconf 78' lang='grc' dir='ltr'><em>ὑπομνημάτων</em></span> <span class='ocrx_word' id='word_1_234' title='bbox 1563 2545 1807 2609; x_wconf 82' lang='grc' dir='ltr'>μόνων.</span> <span class='ocrx_word' id='word_1_235' title='bbox 1917 2543 1984 2597; x_wconf 87' lang='lat' dir='ltr'><strong>ed</strong></span> <span class='ocrx_word' id='word_1_236' title='bbox 2018 2559 2282 2612; x_wconf 74' lang='lat' dir='ltr'><strong>nusquam</strong></span> 
     </span>
     <span class='ocr_line' id='line_1_31' title="bbox 264 2613 2273 2682; baseline -0.001 -14"><span class='ocrx_word' id='word_1_237' title='bbox 264 2616 321 2668; x_wconf 90' lang='lat' dir='ltr'><strong>in</strong></span> <span class='ocrx_word' id='word_1_238' title='bbox 356 2620 439 2668; x_wconf 90' lang='lat' dir='ltr'><strong>tot</strong></span> <span class='ocrx_word' id='word_1_239' title='bbox 473 2615 604 2668; x_wconf 89' lang='lat' dir='ltr'><strong>locis</strong></span> <span class='ocrx_word' id='word_1_240' title='bbox 638 2621 882 2668; x_wconf 84' lang='lat' dir='ltr'><strong>veterum</strong></span> <span class='ocrx_word' id='word_1_241' title='bbox 916 2613 1085 2668; x_wconf 94' lang='lat' dir='ltr'><strong>ullum</strong></span> <span class='ocrx_word' id='word_1_242' title='bbox 1120 2614 1399 2682; x_wconf 88' lang='lat' dir='ltr'><strong>proprium</strong></span> <span class='ocrx_word' id='word_1_243' title='bbox 1436 2628 1467 2667; x_wconf 95' lang='lat' dir='ltr'><strong>o</strong></span> <span class='ocrx_word' id='word_1_244' title='bbox 1509 2629 1573 2667; x_wconf 90' lang='lat' dir='ltr'><strong>us</strong></span> <span class='ocrx_word' id='word_1_245' title='bbox 1607 2614 1908 2668; x_wconf 83' lang='lat' dir='ltr'><strong>Aristarchi</strong></span> <span class='ocrx_word' id='word_1_246' title='bbox 1931 2618 2273 2679; x_wconf 90' lang='lat' dir='ltr'><strong>memoratur,</strong></span> 
     </span>
     <span class='ocr_line' id='line_1_32' title="bbox 264 2679 2275 2761; baseline -0.002 -24"><span class='ocrx_word' id='word_1_247' title='bbox 264 2691 328 2737; x_wconf 93' lang='lat' dir='ltr'><strong>ut</strong></span> <span class='ocrx_word' id='word_1_248' title='bbox 362 2682 472 2736; x_wconf 90' lang='lat' dir='ltr'><strong>huc</strong></span> <span class='ocrx_word' id='word_1_249' title='bbox 494 2683 830 2751; x_wconf 90' lang='lat' dir='ltr'><strong>potissimum</strong></span> <span class='ocrx_word' id='word_1_250' title='bbox 865 2682 1144 2761; x_wconf 79' lang='lat' dir='ltr'><strong>pertinere</strong></span> <span class='ocrx_word' id='word_1_251' title='bbox 1182 2687 1369 2749; x_wconf 87' lang='lat' dir='ltr'><strong>putem</strong></span> <span class='ocrx_word' id='word_1_252' title='bbox 1395 2696 1430 2735; x_wconf 91' lang='lat' dir='ltr'><strong>a</strong></span> <span class='ocrx_word' id='word_1_253' title='bbox 1503 2682 1721 2751; x_wconf 87' lang='lat' dir='ltr'><strong>orphyr.</strong></span> <span class='ocrx_word' id='word_1_254' title='bbox 1745 2682 1802 2736; x_wconf 92' lang='lat' dir='ltr'><strong>in</strong></span> <span class='ocrx_word' id='word_1_255' title='bbox 1824 2681 1956 2735; x_wconf 86' lang='lat' dir='ltr'><strong>Hor.</strong></span> <span class='ocrx_word' id='word_1_256' title='bbox 1980 2680 2178 2749; x_wconf 80' lang='lat' dir='ltr'><strong>Epistt.</strong></span> <span class='ocrx_word' id='word_1_257' title='bbox 2202 2679 2275 2747; x_wconf 94' lang='lat' dir='ltr'><strong>II,</strong></span> 
     </span>
     <span class='ocr_line' id='line_1_33' title="bbox 270 2748 2278 2819; baseline -0.002 -15"><span class='ocrx_word' id='word_1_258' title='bbox 270 2756 315 2818; x_wconf 91' lang='lat' dir='ltr'><strong>l,</strong></span> <span class='ocrx_word' id='word_1_259' title='bbox 352 2752 470 2806; x_wconf 83' lang='grc'>257.</span> <span class='ocrx_word' id='word_1_260' title='bbox 507 2759 778 2804; x_wconf 82' lang='lat' dir='ltr'><strong>servatum</strong></span> <span class='ocrx_word' id='word_1_261' title='bbox 826 2751 1027 2806; x_wconf 64' lang='lat' dir='ltr'><strong>dictum</strong></span> <span class='ocrx_word' id='word_1_262' title='bbox 1078 2749 1410 2819; x_wconf 84' lang='lat' dir='ltr'><strong>Aristarchi,</strong></span> <span class='ocrx_word' id='word_1_263' title='bbox 1458 2752 1547 2816; x_wconf 78' lang='lat' dir='ltr'><strong>qui</strong></span> <span class='ocrx_word' id='word_1_264' title='bbox 1591 2768 1750 2817; x_wconf 80' lang='lat' dir='ltr'><strong>quum</strong></span> <span class='ocrx_word' id='word_1_265' title='bbox 1792 2751 1955 2803; x_wconf 78' lang='lat' dir='ltr'><strong>multa</strong></span> <span class='ocrx_word' id='word_1_266' title='bbox 2003 2748 2278 2816; x_wconf 76' lang='lat' dir='ltr'><strong>reprehen-</strong></span> 
     </span>
     <span class='ocr_line' id='line_1_34' title="bbox 265 2817 2278 2887; baseline -0.001 -17"><span class='ocrx_word' id='word_1_267' title='bbox 265 2821 400 2871; x_wconf 78' lang='lat' dir='ltr'><strong>derit</strong></span> <span class='ocrx_word' id='word_1_268' title='bbox 438 2821 495 2870; x_wconf 79' lang='lat' dir='ltr'><strong>in</strong></span> <span class='ocrx_word' id='word_1_269' title='bbox 530 2821 783 2884; x_wconf 76' lang='lat' dir='ltr'><strong>Homero,</strong></span> <span class='ocrx_word' id='word_1_270' title='bbox 842 2819 1259 2887; x_wconf 80' lang='lat' dir='ltr'><strong>(interrogatus,</strong></span> <span class='ocrx_word' id='word_1_271' title='bbox 1306 2824 1469 2886; x_wconf 88' lang='lat' dir='ltr'><strong>puta,</strong></span> <span class='ocrx_word' id='word_1_272' title='bbox 1516 2818 1584 2871; x_wconf 88' lang='lat' dir='ltr'><strong>ab</strong></span> <span class='ocrx_word' id='word_1_273' title='bbox 1622 2818 1830 2887; x_wconf 88' lang='lat' dir='ltr'><strong>aliquo,</strong></span> <span class='ocrx_word' id='word_1_274' title='bbox 1877 2833 1975 2871; x_wconf 90' lang='lat' dir='ltr'><strong>cur</strong></span> <span class='ocrx_word' id='word_1_275' title='bbox 2020 2833 2128 2871; x_wconf 91' lang='lat' dir='ltr'><strong>non</strong></span> <span class='ocrx_word' id='word_1_276' title='bbox 2161 2817 2278 2884; x_wconf 91' lang='lat' dir='ltr'><strong>ipse</strong></span> 
     </span>
    </p>
   </div>
   <div class='ocr_carea' id='block_1_5' title="bbox 260 2886 2278 3024">
    <p class='ocr_par' dir='ltr' id='par_1_6' title="bbox 260 2886 2278 3024">
     <span class='ocr_line' id='line_1_35' title="bbox 265 2886 2278 3006; baseline -0.001 -67"><span class='ocrx_word' id='word_1_277' title='bbox 265 2886 494 2940; x_wconf 85' lang='lat' dir='ltr'><strong>Carmen</strong></span> <span class='ocrx_word' id='word_1_278' title='bbox 532 2895 877 2954; x_wconf 89' lang='lat' dir='ltr'><strong>componeret</strong></span> <span class='ocrx_word' id='word_1_279' title='bbox 913 2888 983 2941; x_wconf 80' lang='lat' dir='ltr'><strong>ad</strong></span> <span class='ocrx_word' id='word_1_280' title='bbox 1021 2888 1253 2954; x_wconf 88' lang='lat' dir='ltr'><strong>optimas</strong></span> <span class='ocrx_word' id='word_1_281' title='bbox 1290 2887 1440 2954; x_wconf 84' lang='lat' dir='ltr'><strong>leges</strong></span> <span class='ocrx_word' id='word_1_282' title='bbox 1477 2887 1650 3006; x_wconf 39' lang='lat' dir='ltr'><strong>artis?</strong></span> <span class='ocrx_word' id='word_1_283' title='bbox 1700 2890 1884 2939; x_wconf 81' lang='lat' dir='ltr'><strong>aiebat.</strong></span> <span class='ocrx_word' id='word_1_284' title='bbox 1957 2886 2180 2951; x_wconf 79' lang='lat' dir='ltr'><strong>Neque</strong></span> <span class='ocrx_word' id='word_1_285' title='bbox 2213 2902 2278 2936; x_wconf 79' lang='lat' dir='ltr'><strong>se</strong></span> 
     </span>
     <span class='ocr_line' id='line_1_36' title="bbox 260 2952 2274 3024; baseline -0.001 -19"><span class='ocrx_word' id='word_1_286' title='bbox 260 2973 454 3019; x_wconf 77' lang='lat' dir='ltr'><strong>posse</strong></span> <span class='ocrx_word' id='word_1_287' title='bbox 520 2958 843 3024; x_wconf 78' lang='lat' dir='ltr'><strong>scribere,</strong></span> <span class='ocrx_word' id='word_1_288' title='bbox 898 2955 1437 3023; x_wconf 80' lang='lat' dir='ltr'><strong>quemadmodum</strong></span> <span class='ocrx_word' id='word_1_289' title='bbox 1509 2958 1742 3022; x_wconf 81' lang='lat' dir='ltr'><strong>velet,</strong></span> <span class='ocrx_word' id='word_1_290' title='bbox 1812 2972 2017 3020; x_wconf 77' lang='lat' dir='ltr'><strong>neque</strong></span> <span class='ocrx_word' id='word_1_291' title='bbox 2089 2952 2274 3015; x_wconf 82' lang='lat' dir='ltr'><strong>velle,</strong></span> 
     </span>
    </p>
   </div>
   <div class='ocr_carea' id='block_1_6' title="bbox 264 3022 2276 3225">
    <p class='ocr_par' dir='ltr' id='par_1_7' title="bbox 264 3022 2276 3225">
     <span class='ocr_line' id='line_1_37' title="bbox 265 3022 2276 3091; baseline -0.001 -17"><span class='ocrx_word' id='word_1_292' title='bbox 265 3024 544 3088; x_wconf 75' lang='lat' dir='ltr'><strong>quemad</strong></span> <span class='ocrx_word' id='word_1_293' title='bbox 557 3025 796 3074; x_wconf 84' lang='lat' dir='ltr'><strong>modum</strong></span> <span class='ocrx_word' id='word_1_294' title='bbox 827 3043 865 3089; x_wconf 86' lang='lat' dir='ltr'><strong>p</strong></span> <span class='ocrx_word' id='word_1_295' title='bbox 887 3033 1079 3076; x_wconf 71' lang='lat' dir='ltr'><strong>osset.</strong></span> <span class='ocrx_word' id='word_1_296' title='bbox 1150 3022 1313 3076; x_wconf 88' lang='lat' dir='ltr'><strong>Haud</strong></span> <span class='ocrx_word' id='word_1_297' title='bbox 1349 3023 1585 3076; x_wconf 89' lang='lat' dir='ltr'><strong>absurda</strong></span> <span class='ocrx_word' id='word_1_298' title='bbox 1620 3023 1864 3091; x_wconf 87' lang='lat' dir='ltr'><strong>profecto</strong></span> <span class='ocrx_word' id='word_1_299' title='bbox 1900 3038 2023 3090; x_wconf 86' lang='lat' dir='ltr'><strong>vox,</strong></span> <span class='ocrx_word' id='word_1_300' title='bbox 2061 3028 2116 3074; x_wconf 91' lang='lat' dir='ltr'><strong>et</strong></span> <span class='ocrx_word' id='word_1_301' title='bbox 2151 3035 2276 3088; x_wconf 90' lang='lat' dir='ltr'><strong>pru-</strong></span> 
     </span>
     <span class='ocr_line' id='line_1_38' title="bbox 264 3089 2274 3160; baseline 0 -18"><span class='ocrx_word' id='word_1_302' title='bbox 264 3090 476 3143; x_wconf 89' lang='lat' dir='ltr'><strong>dentiae</strong></span> <span class='ocrx_word' id='word_1_303' title='bbox 534 3089 937 3160; x_wconf 88' lang='lat' dir='ltr'><strong>modestiaeque</strong></span> <span class='ocrx_word' id='word_1_304' title='bbox 993 3091 1183 3159; x_wconf 83' lang='lat' dir='ltr'><strong>plena3</strong></span> <span class='ocrx_word' id='word_1_305' title='bbox 1248 3091 1543 3159; x_wconf 90' lang='lat' dir='ltr'><strong>similisque</strong></span> <span class='ocrx_word' id='word_1_306' title='bbox 1606 3097 1689 3145; x_wconf 89' lang='lat' dir='ltr'><strong>est</strong></span> <span class='ocrx_word' id='word_1_307' title='bbox 1743 3089 2012 3145; x_wconf 86' lang='lat' dir='ltr'><strong>sententia</strong></span> <span class='ocrx_word' id='word_1_308' title='bbox 2062 3094 2274 3158; x_wconf 77' lang='lat' dir='ltr'><strong>poetae,</strong></span> 
     </span>
     <span class='ocr_line' id='line_1_39' title="bbox 264 3159 922 3225; baseline 0.006 -16"><span class='ocrx_word' id='word_1_309' title='bbox 264 3159 487 3225; x_wconf 74' lang='lat' dir='ltr'><strong>Fumqar</strong></span> <span class='ocrx_word' id='word_1_310' title='bbox 521 3161 628 3211; x_wconf 73' lang='lat' dir='ltr'><strong>vice</strong></span> <span class='ocrx_word' id='word_1_311' title='bbox 664 3162 786 3211; x_wconf 76' lang='lat' dir='ltr'><strong>cotis</strong></span> <span class='ocrx_word' id='word_1_312' title='bbox 819 3167 922 3213; x_wconf 82' lang='lat' dir='ltr'><strong>etc.</strong></span> 
     </span>
    </p>
   </div>
   <div class='ocr_carea' id='block_1_7' title="bbox 259 3243 2273 3519">
    <p class='ocr_par' dir='ltr' id='par_1_8' title="bbox 259 3243 2273 3519">
     <span class='ocr_line' id='line_1_40' title="bbox 398 3243 2273 3325; baseline -0.001 -28"><span class='ocrx_word' id='word_1_313' title='bbox 398 3245 444 3311; x_wconf 81' lang='grc'><strong>9)</strong></span> <span class='ocrx_word' id='word_1_314' title='bbox 481 3243 619 3298; x_wconf 87' lang='lat' dir='ltr'><strong>Vide</strong></span> <span class='ocrx_word' id='word_1_315' title='bbox 655 3243 810 3299; x_wconf 87' lang='lat' dir='ltr'><strong>Varr.</strong></span> <span class='ocrx_word' id='word_1_316' title='bbox 860 3245 926 3298; x_wconf 92' lang='lat' dir='ltr'><strong>de</strong></span> <span class='ocrx_word' id='word_1_317' title='bbox 972 3245 1034 3297; x_wconf 89' lang='lat' dir='ltr'><strong>L.</strong></span> <span class='ocrx_word' id='word_1_318' title='bbox 1083 3245 1146 3299; x_wconf 89' lang='lat' dir='ltr'><strong>L.</strong></span> <span class='ocrx_word' id='word_1_319' title='bbox 1183 3243 1305 3299; x_wconf 93' lang='lat' dir='ltr'><strong>VII.</strong></span> <span class='ocrx_word' id='word_1_320' title='bbox 1360 3262 1416 3314; x_wconf 92' lang='lat' dir='ltr'><strong>p.</strong></span> <span class='ocrx_word' id='word_1_321' title='bbox 1456 3250 1571 3300; x_wconf 89' lang='grc'>119.</span> <span class='ocrx_word' id='word_1_322' title='bbox 1614 3249 1726 3300; x_wconf 89' lang='grc'>121.</span> <span class='ocrx_word' id='word_1_323' title='bbox 1762 3244 1912 3298; x_wconf 92' lang='lat' dir='ltr'><strong>VIII.</strong></span> <span class='ocrx_word' id='word_1_324' title='bbox 1949 3262 2029 3325; x_wconf 84' lang='lat' dir='ltr'><strong>pr.</strong></span> <span class='ocrx_word' id='word_1_325' title='bbox 2066 3260 2118 3312; x_wconf 92' lang='lat' dir='ltr'><strong>p.</strong></span> <span class='ocrx_word' id='word_1_326' title='bbox 2162 3244 2273 3318; x_wconf 71' lang='grc'>120.</span> 
     </span>
     <span class='ocr_line' id='line_1_41' title="bbox 266 3311 2273 3381; baseline -0.002 -14"><span class='ocrx_word' id='word_1_327' title='bbox 266 3317 378 3367; x_wconf 87' lang='grc'>151.</span> <span class='ocrx_word' id='word_1_328' title='bbox 426 3311 521 3366; x_wconf 87' lang='grc' dir='ltr'><strong>ΙΧ.</strong></span> <span class='ocrx_word' id='word_1_329' title='bbox 571 3328 622 3380; x_wconf 90' lang='lat' dir='ltr'><strong>p.</strong></span> <span class='ocrx_word' id='word_1_330' title='bbox 670 3316 779 3368; x_wconf 86' lang='lat'><strong>170.</strong></span> <span class='ocrx_word' id='word_1_331' title='bbox 827 3313 1023 3368; x_wconf 88' lang='lat' dir='ltr'><strong>collato</strong></span> <span class='ocrx_word' id='word_1_332' title='bbox 1072 3312 1245 3367; x_wconf 86' lang='lat' dir='ltr'><strong>Gellio</strong></span> <span class='ocrx_word' id='word_1_333' title='bbox 1292 3315 1375 3381; x_wconf 87' lang='grc' dir='ltr'><strong>ΙΙ,</strong></span> <span class='ocrx_word' id='word_1_334' title='bbox 1424 3318 1507 3368; x_wconf 89' lang='grc'><strong>25.</strong></span> <span class='ocrx_word' id='word_1_335' title='bbox 1577 3312 1692 3366; x_wconf 88' lang='lat' dir='ltr'><strong>Illis</strong></span> <span class='ocrx_word' id='word_1_336' title='bbox 1738 3313 1871 3367; x_wconf 90' lang='lat' dir='ltr'><strong>locis</strong></span> <span class='ocrx_word' id='word_1_337' title='bbox 1922 3329 1967 3367; x_wconf 87' lang='lat' dir='ltr'><strong>sl</strong></span> <span class='ocrx_word' id='word_1_338' title='bbox 2002 3311 2273 3366; x_wconf 79' lang='lat' dir='ltr'><strong>addideris</strong></span> 
     </span>
     <span class='ocr_line' id='line_1_42' title="bbox 262 3380 2268 3451; baseline 0 -18"><span class='ocrx_word' id='word_1_339' title='bbox 262 3380 512 3448; x_wconf 80' lang='lat' dir='ltr'><strong>Quinctil.</strong></span> <span class='ocrx_word' id='word_1_340' title='bbox 539 3381 582 3449; x_wconf 90' lang='grc' dir='ltr'><strong>Ι,</strong></span> <span class='ocrx_word' id='word_1_341' title='bbox 617 3385 668 3449; x_wconf 89' lang='lat'><strong>4,</strong></span> <span class='ocrx_word' id='word_1_342' title='bbox 706 3385 788 3434; x_wconf 87' lang='lat'><strong>20.</strong></span> <span class='ocrx_word' id='word_1_343' title='bbox 826 3382 1030 3436; x_wconf 89' lang='lat' dir='ltr'><strong>Charis.</strong></span> <span class='ocrx_word' id='word_1_344' title='bbox 1068 3382 1102 3435; x_wconf 92' lang='lat' dir='ltr'><strong>l.</strong></span> <span class='ocrx_word' id='word_1_345' title='bbox 1139 3397 1192 3449; x_wconf 89' lang='lat' dir='ltr'><strong>p.</strong></span> <span class='ocrx_word' id='word_1_346' title='bbox 1221 3386 1303 3436; x_wconf 88' lang='lat'><strong>94.</strong></span> <span class='ocrx_word' id='word_1_347' title='bbox 1343 3382 1601 3436; x_wconf 87' lang='lat' dir='ltr'><strong>Priscian.</strong></span> <span class='ocrx_word' id='word_1_348' title='bbox 1638 3380 1811 3435; x_wconf 92' lang='lat' dir='ltr'><strong>XVII.</strong></span> <span class='ocrx_word' id='word_1_349' title='bbox 1848 3399 1901 3451; x_wconf 88' lang='lat' dir='ltr'><strong>p.</strong></span> <span class='ocrx_word' id='word_1_350' title='bbox 1932 3385 2081 3435; x_wconf 86' lang='lat'><strong>1065.</strong></span> <span class='ocrx_word' id='word_1_351' title='bbox 2122 3381 2268 3433; x_wconf 89' lang='grc'>1106.</span> 
     </span>
     <span class='ocr_line' id='line_1_43' title="bbox 259 3448 2269 3519; baseline -0.001 -15"><span class='ocrx_word' id='word_1_352' title='bbox 259 3449 500 3517; x_wconf 89' lang='lat' dir='ltr'><strong>Putsch.,</strong></span> <span class='ocrx_word' id='word_1_353' title='bbox 533 3448 757 3504; x_wconf 87' lang='lat' dir='ltr'><strong>habebis</strong></span> <span class='ocrx_word' id='word_1_354' title='bbox 794 3450 987 3518; x_wconf 86' lang='lat' dir='ltr'><strong>omnia,</strong></span> <span class='ocrx_word' id='word_1_355' title='bbox 1024 3465 1166 3519; x_wconf 88' lang='lat' dir='ltr'><strong>quae</strong></span> <span class='ocrx_word' id='word_1_356' title='bbox 1203 3450 1390 3504; x_wconf 89' lang='lat' dir='ltr'><strong>Latini</strong></span> <span class='ocrx_word' id='word_1_357' title='bbox 1425 3465 1493 3503; x_wconf 88' lang='lat' dir='ltr'><strong>ex</strong></span> <span class='ocrx_word' id='word_1_358' title='bbox 1517 3450 1624 3505; x_wconf 87' lang='lat' dir='ltr'><strong>hoc</strong></span> <span class='ocrx_word' id='word_1_359' title='bbox 1649 3465 1847 3518; x_wconf 81' lang='lat' dir='ltr'><strong>genere</strong></span> <span class='ocrx_word' id='word_1_360' title='bbox 1871 3452 2269 3504; x_wconf 81' lang='lat' dir='ltr'><strong>conservarunt.</strong></span> 
     </span>
    </p>
   </div>
  </div>
 </body>
</html>
