2734 4000
1267 186 1631 245 „74-

596 338 862 398 Eandem
899 353 1023 399 rem
1060 335 1303 398 forsitan
1339 336 1560 397 frustra
1599 339 1824 412 experti
1863 336 2109 397 fuissent
2149 336 2361 398 Graeci
2385 339 2447 397 ιιι

444 416 574 477 aliis
603 413 868 488 Νόστοις,
908 432 1036 487 quo
1059 416 1288 475 nomine
1328 415 1499 489 plura
1539 414 1847 475 exstabant
1885 417 2128 487 antiqua
2154 413 2446 488 Carmina,

283 553 290 559 ,
446 508 685 565 quorum
724 508 799 552 ne
821 497 1087 552 auctores
1116 492 1348 564 quidem
1374 492 1540 552 nobis
1569 493 1712 552 satis
1738 494 1863 552 noti
1889 499 2024 551 sunt
2037 492 2134 564 ⁸⁸)
2175 491 2292 552 Sed
2317 493 2444 551 nul-

341 575 419 618 122
443 570 554 629 lius
596 585 758 630 error
796 575 916 628 tam
951 569 1157 643 longus
1195 576 1430 642 tamque
1469 569 1815 629 disiunctis
1798 570 2027 630 1nlocis
2053 560 2248 629 fuerat
2273 585 2448 642 quam

443 646 689 720 Ulyssi8‚
741 647 953 705 nullius
991 653 1112 705 tam
1150 647 1445 706 mirabiles
1486 653 1648 706 terra
1684 648 1949 719 marique
1989 663 2157 706 casus
2197 652 2260 705 et
2297 645 2449 705 ludi-

442 724 572 783 bria
618 721 886 783 fortunae
934 722 1087 782 fama
1134 724 1573 797 divulgaverat,
1628 730 1694 783 ut
1743 724 1870 783 iure
1917 725 2094 783 liceat
2143 724 2447 796 suspicari,

442 806 664 860 tantam
726 802 953 874 copiam
991 800 1161 859 huius
1202 802 1433 874 generis
1474 800 1803 860 carminum
1845 801 1920 860 de
1958 800 2073 861 alio
2114 800 2276 860 nullo
2313 817 2455 873 sup-

445 877 703 952 petiisse.
764 878 889 938 Iam
939 883 1000 937 et
1050 877 1146 936 hic
1184 885 1245 937 et
1283 879 1343 936 in
1380 877 1565 938 Iliade
1605 894 1674 937 eo
1712 875 1838 936 fere
1875 878 2058 938 omnis
2095 876 2254 936 redit
2290 875 2458 938 dubi·

443 956 610 1028 tati0,
654 972 749 1028 an,
780 955 842 1019 si
883 971 955 1013 ex
992 960 1115 1014 toto
1156 961 1406 1028 quatuor
1432 956 1524 1014 vel
1551 955 1801 1027 quinque
1826 956 2076 1015 maiores
2102 953 2449 1028 rhapsodias

446 1033 822 1105 excerpseris‚
863 1048 1322 1104 unamquamque
1359 1032 1536 1091 trium
1577 1032 1901 1104 pluriumve
1940 1033 2236 1104 librorum,
2274 1032 2334 1089 ιιι
2374 1031 2448 1090 iis

450 1125 709 1170 seorsum
746 1108 954 1187 posin's
995 1109 1120 1169 eius
1155 1125 1433 1181 summae,
1475 1125 1650 1181 quam
1673 1125 1827 1168 nunc
1853 1125 2051 1169 omnes
2079 1108 2450 1199 admiramur,

445 1187 692 1259 vestigia
729 1187 824 1245 vel
845 1176 1258 1246 tantummodo
1297 1186 1526 1244 vincula
1565 1202 1818 1258 magnae
1857 1186 2153 1259 compagis
2178 1185 2451 1258 primitus

446 1262 786 1334 designatae
826 1262 1243 1336 deprehendas.
1311 1263 1448 1322 Scio
1475 1279 1645 1334 quam
1675 1261 1911 1321 difficile
1940 1264 2036 1333 sit,
2072 1262 2453 1322 Aristotelem

447 1346 507 1398 et
546 1346 770 1400 ceteros
810 1341 1123 1412 scriptores
1164 1341 1377 1398 artium
1418 1340 1696 1413 oblivisci,
1726 1340 1839 1419 qui
1863 1341 2044 1399 multo
2085 1344 2235 1413 post,
2275 1355 2450 1411 quam

446 1423 645 1490 partes
684 1417 795 1475 hae
822 1415 1062 1475 firmiter
1088 1418 1445 1489 coaluerant,
1487 1417 1623 1475 inde
1649 1422 1967 1490 praecepta
1991 1433 2098 1475 sua
2125 1414 2447 1474 duxerunt:

448 1499 510 1551 at
548 1493 747 1565 quidni
785 1493 1098 1552 iucundum
1138 1495 1232 1566 sit,
1272 1495 1451 1552 semel
1480 1500 1542 1552 et
1578 1493 1789 1552 iterum
1833 1510 1907 1552 ex
1943 1494 2172 1552 illarum
2199 1499 2455 1551 contem-

446 1569 704 1644 platione
743 1570 1177 1642 antiquissimae
1215 1572 1408 1644 poesis
1450 1572 1741 1644 specimen
1779 1572 2031 1644 capere?
2088 1585 2263 1641 quam
2301 1569 2457 1628 inter

447 1663 643 1706 omnes
683 1648 951 1707 convenit
989 1647 1065 1707 ad
1103 1647 1419 1707 Homerum
1459 1663 1643 1719 usque
1681 1648 1902 1706 nullum
1939 1647 2170 1719 longius
2199 1652 2259 1705 et
2282 1646 2457 1705 huius

448 1722 667 1783 formae
706 1741 851 1798 opus
891 1724 1202 1798 protulisse
1215 1724 1311 1796 ⁸⁹).
1393 1724 1543 1783 Mihi
1586 1724 1836 1798 quidem,
1876 1723 2083 1796 fateor,
2128 1723 2355 1796 quoties
2395 1723 2456 1782 in

448 1800 592 1859 illud
630 1802 881 1891 priscum
909 1817 1132 1875 aevum,
1172 1806 1450 1874 quantum
1476 1818 1728 1875 possum,
1767 1802 1955 1860 animo
1982 1768 2182 1873 redeo,
2222 1800 2461 1860 minime

450 1877 761 1950 displicent
796 1879 910 1939 isto
948 1878 1118 1939 modo
1165 1879 1321 1938 lecta
1357 1878 1508 1937 haec
1535 1878 1826 1952 Carmina,
1866 1882 2056 1950 neque
2094 1878 2156 1935 in
2194 1877 2459 1949 ingenio·

347 1967 423 2010 ιιι
450 1956 678 2015 sissimo
717 1954 1087 2016 adolescente
1114 1957 1355 2016 senilem
1383 1956 1729 2030 sapientiam
1756 1955 2045 2016 desidero.
2115 1954 2458 2028 Quanquam

449 2049 564 2091 non
604 2039 724 2091 tam
764 2034 1110 2106 sapientiam
1151 2041 1214 2093 et
1249 2034 1674 2108 praestantiam
1717 2035 1891 2105 artiS,
1941 2049 2115 2105 quam
2155 2037 2354 2092 tantae
2397 2038 2461 2091 et

449 2115 569 2167 tam
608 2111 769 2168 varie
809 2110 1085 2183 episodiis
1126 2110 1433 2170 distinctae
1474 2111 1889 2184 perpetuitatis
1931 2109 2340 2183 cogitationem
2382 2109 2458 2167 ab

449 2186 688 2245 Homeri
728 2188 853 2246 loco
894 2193 956 2245 et
990 2188 1184 2248 indole
1223 2189 1474 2247 alienam
1515 2204 1647 2246 esse
1692 2187 1997 2247 contendo.
2077 2186 2228 2245 Nam
2265 2201 2459 2259 neque

448 2279 544 2321 ars
585 2270 645 2323 et
682 2264 949 2323 iunctura
984 2264 1107 2334 illa,
1148 2267 1260 2323 etsi
1294 2281 1550 2327 summas
1589 2264 1796 2323 laudes
1837 2264 2067 2336 meruit,
2119 2263 2205 2322 ita
2243 2261 2460 2322 callida

449 2344 541 2398 est
580 2345 641 2398 et
678 2339 926 2413 subtilia
966 2347 1032 2401 ut
1059 2357 1188 2400 eam
1217 2343 1424 2415 ingens
1451 2342 1764 2432 ingenium,
1804 2339 2152 2400 necessariis
2180 2338 2458 2398 subsidiis

447 2411 818 2490 instructum,
879 2418 970 2476 vel
1010 2419 1134 2477 sine
1183 2420 1445 2492 exemplo
1505 2419 1737 2491 assequi
1776 2435 1890 2478 non
1928 2417 2219 2492 potuisse;
2267 2432 2459 2489 neque

585 2579 658 2644 ⁸8)
693 2564 798 2645 Qui
832 2578 974 2632 enim
1010 2593 1045 2632 a
1078 2578 1304 2633 Casaub.
1342 2579 1401 2632 in
1435 2578 1633 2633 Athen.
1660 2576 1753 2644 IV,
1795 2583 1873 2632 14.
1911 2583 2050 2632 extr.
2074 2578 2194 2632 aliis
2231 2593 2300 2631 ue
2332 2577 2451 2632 lau·

450 2646 674 2725 dantur,
700 2646 814 2701 fere
854 2653 980 2701 sunt
1012 2647 1357 2715 recentiores,
1394 2653 1451 2701 et
1485 2647 1553 2701 ab
1589 2646 1697 2701 illis
1730 2646 1955 2701 Homeri
1990 2646 2203 2716 aequali
2242 2662 2306 2701 us
2339 2661 2453 2701 ma·

447 2715 639 2769 teriam
676 2730 827 2769 suam
860 2714 1148 2783 petierant.

584 2800 658 2869 ⁸⁹)
691 2799 776 2855 De
807 2799 1102 2856 Aristotele
1134 2799 1265 2869 quid
1297 2800 1543 2869 audeam,
1575 2800 1749 2856 video.
1814 2800 1922 2857 Sed
1955 2801 2012 2855 in
2048 2800 2237 2856 eadem
2270 2814 2448 2868 paene

447 2869 660 2923 haeresi
696 2885 837 2936 sum,
882 2884 1043 2938 quam
1088 2885 1161 2923 ιιιι
1203 2885 1264 2923 er
1295 2869 1571 2937 professus
1608 2876 1691 2925 est
1725 2875 1916 2925 auctor
1953 2869 2219 2949 elegantis
2254 2867 2463 2923 libelli·

451 2938 761 3002 Paraltelen‚
893 2942 970 2991 14.
983 2952 1097 3006 sqq.
1220 2935 1377 2991 einde
1415 2938 1562 3007 quod
1596 2938 1881 2993 convenire
1921 2937 2032 3018 dixi
2070 2936 2137 2992 de
2160 2937 2311 3006 poesi
2329 2942 2461 2992 ante

446 3004 757 3072 Homerum,
798 2953 865 3060 ld
901 3020 1011 3059 ιιοιι
1046 3005 1160 3060 sola
1194 3005 1506 3060 coniectura
1539 3005 1760 3075 nititur,
1808 3006 1903 3060 sed
1937 3006 2179 3075 ipsorum
2213 3009 2460 3060 veterum

448 3073 769 3129 auctoritate
850 3073 943 3142 qui
987 3073 1199 3128 illorum
1247 3076 1578 3130 canticorum
1629 3081 1946 3143 argumenta
1982 3081 2037 3128 et
2073 3074 2291 3129 nomina
2325 3073 2463 3128 satis

446 3140 616 3195 multa
663 3113 960 3209 proferunt.
1023 3142 1088 3196 In
1133 3142 1301 3196 oculis
1336 3149 1461 3223 est,
1494 3150 1712 3210 praeter
1746 3142 2013 3197 Velleium
2049 3149 2105 3196 et
2140 3149 2223 3222 tot
2259 3141 2464 3196 similes

446 3208 772 3289 laudatores,
808 3210 1131 3265 Aristoteles
1167 3226 1211 3265 c.
1231 3214 1344 3265 24.
1303 3249 1334 3278 .,
1372 3211 1465 3279 qui
1501 3210 1707 3280 aliquot
1723 3211 2013 3266 virtutibus
2033 3226 2062 3265 e
2104 3210 2173 3264 ici
2193 3211 2463 3279 poematis

449 3278 778 3331 enumeratis
813 3278 1064 3347 apponit:
1100 3277 1181 3339 οἷς
1229 3283 1394 3331 πᾶσιν
1421 3277 1654 3361 Ὅμηρος
1697 3280 1974 3362 κέχρηται
1998 3226 2101 3332 aa?
2120 3283 2338 3359 πρῶτος
2371 3279 2464 3330 καὶ

449 3346 659 3466 ὶκιὶινιῶς.
734 3345 821 3400 Ita
872 3346 1145 3416 plerisque
1180 3345 1271 3401 ille
1306 3354 1392 3400 est
1430 3355 1485 3401 et
1513 3349 1720 3414 primus
1755 3361 1802 3401 et
1836 3350 2073 3401 omnibus
2107 3348 2336 3401 numeris
2371 3347 2461 3399 ab·

446 3432 499 3464 so
522 3432 557 3464 a
578 3431 639 3464 us
