2734 4000
1095 173 1453 229 ...47-

280 328 428 385 haec
457 331 550 385 est
577 326 651 385 de
676 327 787 385 hac
816 327 1156 399 quaestione
1183 326 1498 385 auctoritas
1528 327 1766 401 diserta,
1808 327 1912 386 sed
1934 343 2003 386 66
2032 327 2279 399 gravior,

278 405 436 475 quod
479 404 699 477 scripta
741 409 832 462 est
870 403 1148 461 adversus
1190 403 1583 463 doctissimum
1621 405 1999 479 interpretem
2023 405 2281 476 Homeri,

273 488 338 541 et
376 498 546 540 nemo
588 486 848 539 veterum
901 486 1093 539 exstat
1143 480 1408 539 diversae
1448 495 1553 538 seu
1592 482 1918 541 contrariae
1957 481 2281 540 sententiae

281 557 571 618 defensor.
653 558 867 630 Quare,
908 564 1198 630 utcunque
1224 557 1451 629 reliqua
1475 556 1620 616 fides
1645 559 1878 632 Iosephi
1903 559 2280 629 existimetur,

284 637 448 696 locus
490 636 588 693 ille
629 639 853 693 tantum
893 634 1111 693 valebit
1125 680 1139 706 ‚
1192 640 1469 706 quantum
1508 636 1816 709 perspicua
1854 635 2032 694 verba
2069 636 2278 693 valent.

286 713 557 784 Denique
598 713 843 770 accessit
870 713 927 769 61
951 728 1138 784 nuper
1164 710 1516 770 scholiastes
1544 712 1881 784 quidam39)‚
1921 711 2154 771 adiutor
2178 712 2282 769 mi-

273 791 429 848 nime
469 789 679 862 dignus
718 790 817 846 1116
857 789 1165 860 mentione,
1205 789 1315 846 nisi
1354 791 1746 848 narrationem
1786 806 1949 848 suam
1978 806 2049 848 ex
2074 788 2281 847 iisdem

280 867 690 925 Alexandrinis
718 866 978 937 reliquiis
1008 866 1376 938 sublegisset,
1403 866 1664 925 vitiatam
1691 880 1823 926 mox
1847 864 2077 924 fabellis
2104 867 2282 924 scrio-

285 960 413 1001 rum
443 943 978 1002 Grammaticorum.
1031 942 1123 1001 Ex
1148 942 1395 1016 Iosepho
1424 944 1574 1001 enim
1613 944 1743 1002 illos
1785 960 1913 1001 eam
1951 959 2065 1002 11611
2090 959 2281 1016 sump-

285 1022 435 1079 sisse
473 1018 841 1079 manifestum
882 1026 989 1078 est.
1054 1019 1323 1078 Ceterum
1364 1026 1640 1091 quantum
1666 1018 2034 1078 tribuendum
2075 1020 2151 1078 sit
2176 1020 2281 1078 tali

284 1097 509 1157 iudicio
537 1103 815 1169 veterum,
855 1114 962 1170 pro
990 1112 1054 1154 se
1082 1097 1324 1168 quisque
1350 1096 1666 1169 expendat:
1708 1097 1849 1155 mihi
1875 1098 1988 1155 etsi
2013 1097 2282 1169 gravissi-

271 1192 428 1234 mum
448 1174 680 1233 videtur
704 1175 916 1247 partim
942 1190 1049 1247 per
1073 1190 1156 1243 se,
1195 1175 1408 1247 partim
1434 1174 1571 1246 quia
1594 1175 1709 1232 illis
1735 1175 1905 1248 plura
1931 1174 2276 1234 Homericae

285 1253 471 1310 aetati
510 1252 772 1324 proxima
801 1251 1071 1310 Carmina
1107 1252 1168 1308 111
1205 1250 1469 1309 manibus
1497 1258 1681 1324 erant,
1720 1251 1780 1310 111
1805 1253 1914 1310 hac
1940 1251 2277 1323 quaestione

283 1328 637 1403 praeiudicii
692 1330 885 1402 pot-ius
926 1344 1097 1400 quam
1136 1328 1335 1386 iudicii
1386 1328 1514 1387 1666
1567 1335 1709 1388 esto.
1798 1329 2080 1400 Quoniam
2128 1328 2279 1386 enim

283 1408 443 1480 ipsos
485 1422 687 1464 versus
728 1405 1034 1477 habemus,
1087 1406 1147 1463 in
1199 1404 1408 1477 quibus
1460 1411 1623 1465 vates
1672 1405 1745 1463 de
1797 1406 2103 1479 scriptoria
2153 1411 2279 1463 arte

282 1488 387 1541 aut
428 1482 602 1541 silere
665 1488 767 1540 aut
814 1484 1020 1541 testari
1060 1488 1318 1556 putatur,
1358 1489 1551 1541 utrum
1588 1499 1788 1541 verum
1826 1484 1904 1541 sit
1923 1527 1938 1555 ‚
1994 1498 2064 1540 ex
2104 1482 2277 1541 certis

270 1560 699 1633 interpretandi
736 1560 966 1632 legibus
1008 1559 1329 1617 diiudicare
1367 1566 1625 1620 nostrum
1666 1564 1772 1617 est.

1170 1758 1383 1834 XIX.

438 1927 520 1986 At
560 1934 869 1986 occurrunt
905 1930 1070 1989 nobis
1111 1931 1384 2003 nonnulli,
1424 1930 1692 2005 opposita
1718 1927 1957 2002 ancipiti
1981 1926 2038 1984 vi
2064 1926 2280 1986 silentii
2304 1943 2354 1982 ¹19

276 2006 341 2062 in
384 2005 495 2065 1166
530 2005 808 2065 historico
859 2024 1090 2079 genere.
1168 2010 1236 2066 In
1287 2025 1401 2081 quo
1451 2008 1550 2067 isti
1599 2023 1739 2065 sane
1794 2006 1994 2065 dicunt
2041 2004 2277 2077 aliquid,

276 2082 387 2140 sed
424 2099 539 2141 non
577 2088 817 2155 tantum,
859 2091 1130 2155 quantum
1171 2085 1282 2144 sibi
1309 2085 1579 2144 videntur
1604 2084 1818 2142 dicere.
1858 2083 1969 2141 Est
1992 2081 2147 2140 haud
2175 2081 2278 2139 du-

275 2159 373 2218 bie
409 2160 701 2218 silentium
734 2161 1022 2232 quoddam
1052 2163 1264 2221 nullius
1296 2163 1569 2221 momenti
1600 2162 1737 2219 etin
1766 2165 2031 2219 neutram
2051 2164 2277 2232 partem

280 2236 657 2307 trahendum3
698 2244 899 2296 contra
932 2238 1090 2297 aliud
1112 2245 1202 2298 est
1222 2245 1492 2311 argutum
1514 2245 1590 2311 et,
1626 2244 1693 2296 ut
1710 2238 1795 2296 ita
1814 2237 2021 2308 dicam,
2061 2236 2276 2307 vocale,

286 2313 443 2384 quod
481 2314 533 2371 si
571 2331 684 2372 non
708 2321 1073 2387 expugnatur
1099 2316 1389 2374 diversum
1416 2316 1756 2375 testantium
1780 2314 2145 2382 auctoritate,
2185 2313 2277 2370 vel

287 2406 375 2462 ea,
418 2406 567 2462 quae
607 2407 804 2449 omnes
845 2393 1093 2451 omnium
1120 2394 1514 2452 auctoritates
1552 2390 1787 2464 frangit,
1827 2391 2069 2463 ratione,
2121 2389 2275 2464 apud

286 2466 797 2539 prudentissimum
849 2485 1133 2541 quemque
1175 2487 1406 2544 semper
1442 2470 1749 2544 plurimum
1789 2468 1985 2526 valuit..
2062 2468 2184 2525 Iam
2224 2468 2276 2525 si

218 2616 229 2627 ’
273 2631 467 2692 μάτων
506 2630 640 2682 ὅστε
681 2648 740 2680 ον
778 2632 1129 2698 συντεθῆναι,
1168 2630 1254 2681 καὶ
1290 2629 1377 2682 διὰ
1412 2634 1578 2682 τοῦτο
1612 2628 1811 2688 πολλὰς
1843 2628 1901 2679 ἐν
1939 2627 2083 2697 αὐτῇ
2192 2628 2271 2679 εἴν

278 2698 373 2756 τὰς
409 2698 494 2748 δια
539 2649 702 2758 mulge,-
775 2698 1031 2752 Tirenum
1068 2698 1244 2765 gratia
1278 2714 1400 2752 cum
1424 2698 1666 2752 Meriano
1691 2696 1983 2751 notandum
2007 2702 2105 2763 est,
2203 2696 2273 2749 ud

283 2766 446 2833 φασὶν
523 2782 551 2819 6
588 2766 747 2820 rebus
781 2766 880 2819 vel.
903 2766 1215 2820 certissimis
1250 2766 1502 2834 usurpari
1537 2767 1593 2819 in
1622 2769 1770 2827 fama
1804 2767 2005 2816 minime
2040 2766 2276 2830 obscura,

282 2850 391 2887 non
457 2832 523 2887 de
570 2834 652 2902 iis,
690 2850 828 2904 quae
877 2850 910 2887 a
955 2835 1227 2888 nonnullis
1285 2834 1398 2888 sive
1489 2835 1640 2888 aucis
1682 2833 1982 2887 traduntur.
2063 2832 2145 2885 De
2188 2831 2273 2884 his

282 2901 492 2956 Graece
529 2909 611 2956 est
647 2901 810 2971 φασὶν
850 2902 1012 2968 ἔνιοι,
1061 2905 1200 2971 φασί
1230 2921 1388 2962 τινες.
1511 2901 1665 2956 adem
1709 2901 1846 2955 ratio
1883 2906 1965 2954 est
1999 2900 2119 2953 Lat.
2155 2915 2272 2953 ver-

282 2968 474 3023 borum
511 2974 705 3033 dicunt,
741 2973 935 3038 ferunt,
972 2975 1206 3039 tradunt,
1239 2973 1524 3037 perhibent.
1579 2969 1768 3038 Neque
1806 2984 1933 3022 vero
1969 2983 2069 3035 per
2090 2984 2146 3021 se
2170 2969 2272 3021 1166

274 3039 507 3091 multum
539 3038 767 3107 proficit.
838 3039 1008 3105 Quam
1043 3039 1213 3093 multa
1246 3038 1496 3106 perhibet
1529 3039 1688 3101 fama,
1722 3052 1948 3105 quorum
1984 3035 2271 3090 falsitatem

279 3107 422 3160 ratio
456 3113 512 3160 et
544 3114 657 3160 tres
692 3113 860 3161 testes
896 3108 1147 3162 doceant!

445 3193 520 3261 ,39)
572 3192 659 3246 Ad
693 3193 911 3261 Dionys
950 3193 1173 3247 Thracis
1208 3193 1440 3248 Gramm.
1478 3208 1562 3260 ap.
1598 3191 1803 3246 Villois.
1839 3188 2041 3243 Anecd.
2080 3188 2170 3242 Gr.
2207 3188 2268 3241 T.

272 3261 591 3327 II.p.182.
651 3258 739 3314 Ἦν
792 3263 929 3331 γὰρ,
991 3261 1068 3321 ὥς-
1123 3280 1318 3330 φασιν,
1380 3262 1690 3324 ἀπολόμενα
1748 3260 1816 3311 τὰ
1868 3262 1962 3310 τοῦ
2014 3255 2270 3326 Ὁμήρου·

274 3330 444 3380 τότε
485 3330 618 3399 γὰρ
679 3330 751 3382 οὐ
805 3335 1042 3401 γραφῇ
1081 3331 1581 3399 παρεδίδοντο,
1643 3328 1813 3380 ἀλλὰ
1859 3328 2037 3396 μόνῃ
2091 3325 2269 3377 διδα-

264 3397 544 3467 σκαλίᾳ,
583 3399 666 3458 ὡς
700 3397 774 3451 ἂν
813 3400 1106 3468 μνήμονι
1144 3400 1609 3468 φυλάττοιντο
1643 3416 1688 3451 κ.
1725 3414 1775 3448 τ.
1814 3396 1859 3448 λ.
