2734 4000
1244 222 1610 299 ...vg-'-

431 395 623 455 eidem
662 395 799 454 olim
837 393 1013 453 dubio
1050 409 1281 453 rumore
1319 392 1557 452 tributa.
1617 392 1884 466 Denique
1911 393 2089 453 etiam
2114 399 2434 468 postremo-

430 489 558 530 rum
597 477 922 545 temporum
960 475 1172 544 poetae
1209 469 1630 543 quodammodo
1669 469 1999 543 ostendunt,
2039 487 2103 530 se
2143 470 2218 529 de
2256 469 2434 530 artifi—

430 550 587 610 cioso
629 552 903 608 contextu
937 546 1165 607 Jliados
1190 564 1228 606 a
1255 547 1660 607 Grammaticis
1684 564 1801 607 non
1826 547 2187 606 dissensisse.
2248 548 2434 621 Quam

431 627 632 699 inepto
673 626 822 683 enim
863 625 1102 685 consilio
1140 625 1211 697 is,
1251 640 1424 696 quem
1461 625 1634 697 vulgo
1676 625 1948 697 Quintum
1989 624 2298 684 Calabrum
2335 642 2432 685 vo-

442 708 593 775 cant,
631 702 973 776 rhapsodias
1014 718 1149 760 suas
1188 702 1349 761 velut
1385 703 1669 761 maturius
1694 701 1979 775 abruptae
2004 702 2176 761 Iliadi
2201 703 2433 776 supple·

439 786 695 839 mentum
734 779 1107 850 attexuisset,
1159 778 1273 837 nisi
1325 780 1594 853 exempla
1636 780 1896 854 priorum
1933 784 2258 853 temporum
2295 785 2432 839 ante

440 858 636 917 oculos
688 856 1015 915 habuisset!
1069 855 1379 928 culpamus
1431 856 1665 928 quidem
1706 872 1868 929 eum,
1915 861 2191 928 tanquam
2227 856 2433 915 rudem

440 938 902 1007 praeceptorum,
953 948 1103 1004 quae
1146 948 1299 991 nunc
1337 933 1508 1006 pueri
1548 948 1620 992 ex
1655 933 1706 992 B
1745 934 1961 993 tteusio
1976 962 1981 967 «
1997 933 2256 992 discunt.-
2293 950 2432 992 num

439 1011 626 1069 minus
665 1011 1048 1084 culparemus,
1088 1010 1140 1068 si
1178 1007 1329 1069 forte
1367 1010 1558 1070 Iliada
1594 1012 1656 1069 in
1692 1026 1758 1070 re
1801 1017 1892 1069 itu
1915 1010 2157 1070 Achillis
2194 1009 2431 1084 finitam,

437 1094 615 1160 atque
655 1087 789 1146 inde
829 1087 906 1146 ad
942 1087 1215 1145 Hectoris
1251 1084 1423 1145 funus
1463 1087 1539 1146 ab
1564 1088 1666 1148 illo
1693 1089 2019 1162 suppletam
2043 1087 2386 1147 haberemus
2399 1087 2431 1144 *ἓ

438 1163 890 1224 Accommodare
930 1168 991 1223 et
1029 1163 1381 1237 subiungere
1421 1179 1484 1222 se
1523 1164 1698 1224 rebus
1739 1165 1851 1224 scit
1875 1164 2242 1238 philosophia
2265 1164 2430 1238 artis,

430 1258 546 1300 non
586 1258 720 1301 raro
762 1242 937 1301 etiam
973 1239 1247 1300 fortuitis.
1316 1239 1660 1314 catalogum
1697 1241 1994 1316 copiarum
2032 1241 2084 1300 si
2120 1257 2235 1300 non
2271 1243 2431 1314 lege-

433 1334 625 1377 remus
668 1319 737 1376 11.
777 1319 868 1391 B.,
918 1318 1021 1376 illa
1057 1317 1219 1390 nihil,
1258 1323 1420 1391 puto,
1460 1319 1730 1378 omissum
1770 1324 2148 1392 quereretur;
2188 1316 2432 1378 forsitan

321 1412 398 1453 12⁹
431 1394 586 1455 adeo
627 1410 755 1454 eam
793 1400 1021 1469 partem
1037 1394 1319 1469 historici,
1356 1411 1472 1455 non
1496 1401 1708 1469 poetae
1734 1411 1863 1456 esse
1889 1395 2199 1468 docuisset,
2237 1394 2429 1463 riden-

435 1471 691 1544 dumque
697 1487 878 1590 messe,
919 1471 1020 1544 qui
1055 1472 1296 1531 heroum
1334 1473 1601 1532 notitiam
1639 1472 1859 1546 absque
1900 1489 1972 1533 ea
2009 1487 2272 1531 mancam
2312 1473 2431 1532 exi-

425 1550 689 1608 stimaret
751 1553 792 1622 ).
847 1572 852 1576 ·

1305 1750 1556 1841 XXX.

510 1993 513 1996 ,
583 1934 665 1993 At
701 1933 857 1993 licet
879 1938 1138 1992 veterum
1177 1935 1443 2009 plerique
1480 1931 1786 1993 artificium
1824 1939 2154 1995 structurae
2171 1939 2252 1997 ,οι
2275 1950 2426 1995 com-

432 2012 735 2085 positionis
778 2011 1106 2071 carminum
1132 2011 1570 2073 Homericorum
1608 2012 1701 2071 vel
1741 2012 1996 2071 assecuti
2020 2028 2136 2072 non
2159 2012 2293 2084 sint,
2332 2013 2430 2072 vel

425 2090 614 2148 minus
639 2094 931 2162 accurate,
952 2104 1126 2160 quam
1150 2088 1324 2149 hodie
1348 2090 1618 2162 solemus,
1646 2088 2046 2163 existimarint,
2072 2096 2268 2148 tamen
2287 2090 2426 2162 quin

424 2166 566 2225 insit
603 2166 664 2224 in
702 2167 776 2223 iis
815 2166 1070 2238 aliquod,
1109 2165 1365 2226 dubitari
1401 2166 1560 2226 nullo
1597 2171 1769 2240 pacto
1808 2171 2019 2242 potest.
2100 2167 2202 2226 Sin
2228 2172 2426 2226 autem

428 2242 776 2314 dubitamus,
825 2242 1140 2303 Homerine
1176 2243 1240 2301 id
1290 2244 1398 2315 sit,
1437 2259 1513 2301 an
1551 2243 1626 2302 ab
1666 2243 1799 2302 aliis
1837 2244 2104 2318 ingeniis,
2142 2244 2425 2303 invitante

426 2320 554 2392 ipso
597 2325 937 2393 argumento
964 2335 1161 2380 eorum
1200 2325 1263 2379 et
1288 2319 1493 2380 ordine
1518 2317 1771 2393 fabulae,
1811 2320 2115 2394 adscitum,
2157 2320 2423 2392 quaestio

420 2396 567 2463 haec
606 2401 697 2455 est
736 2395 1036 2469 eiusmodi,
1088 2398 1149 2455 in
1188 2413 1303 2469 qua
1326 2414 1460 2470 non,
1501 2396 1640 2469 quid
1665 2398 1910 2472 poeticis
1934 2398 2164 2471 legibus
2185 2411 2422 2456 consen-

425 2479 661 2532 taneum
687 2477 790 2532 aut
813 2478 1023 2547 poetae
1047 2472 1421 2534 honorificum
1446 2480 1735 2549 putemus,
1775 2474 2154 2549 spectandum
2179 2475 2277 2543 sit,
2315 2472 2422 2532 sed

425 2549 567 2622 quid
608 2566 680 2609 ex
717 2550 1007 2610 historicis
1047 2556 1108 2609 et
1146 2551 1365 2611 criticis
1391 2550 1713 2620 rationibus
1739 2551 2052 2612 verisimile
2079 2549 2421 2610 essevidea-

425 2767 521 2889 qui
543 2782 737 2835 prosae
762 2766 832 2821 ad
855 2767 1218 2842 doctrinarum
1234 2782 1394 2847 usum
1409 2766 1735 2847 excolendae
1758 2766 1943 2843 utilius
1960 2767 2263 2837 studebant,
2297 2784 2419 2837 pet-

449 2842 673 2890 ecerunt
708 2834 1077 2904 Alexandrini,
1114 2851 1148 2890 a
1183 2836 1380 2904 qmbus
1413 2840 1564 2890 vemt
1595 2834 1668 2890 ad
1700 2834 1988 2903 Romanos,
2031 2842 2088 2889 et
2120 2835 2190 2891 ab
2224 2837 2419 2892 horum

422 2902 641 2973 ingenio
674 2919 815 2959 nova
849 2909 1163 2980 ornamenta
1194 2904 1421 2984 accepit.
1479 2903 1629 2959 Huic.
1657 2904 1845 2985 generi
1863 2904 2141 2973 prolusum
2175 2912 2274 2975 est,
2308 2922 2420 2962 non

418 2971 723 3041 exemplum
757 2973 942 3027 datum
975 2972 1046 3027 ab
1079 2972 1317 3028 Hesiodo
1353 2976 1413 3028 et
1444 2971 1731 3028 Gnomicis.

554 3057 629 3124 ⁹⁶)
662 3057 769 3112 Hic
812 3056 968 3114 nobis
1009 3055 1068 3111 in
1112 3063 1346 3112 mentem
1399 3057 1548 3113 venit
1581 3062 2019 3127 argumentorum
2051 3056 2415 3128 ridiculorum,

419 3141 550 3207 seua
565 3132 630 3180 ut
650 3125 788 3210 Gell.
811 3125 913 3194 ΙΙΙ,
942 3129 1020 3182 11.
1049 3126 1142 3195 ait,
1177 3127 1452 3206 admodum
1469 3127 1665 3189 levium,
1688 3140 1790 3194 per
1810 3141 1950 3195 quae
1973 3128 2168 3208 Attius·
2180 3127 2416 3182 ostendit

419 3193 1477 3330 3⁶3ssta¹¹3fflzw32ffi⁶222
1499 3196 1680 3332 ἕὶἕὲῗ,
1698 3196 2416 3331 {Wzffiffisffl

418 3330 621 3394 Peleus,
654 3348 761 3384 non
794 3332 1030 3385 addidit:
1068 3349 1219 3398 quam
1253 3349 1360 3385 rem
1388 3334 1578 3400 procul
1610 3332 1770 3385 dubio
1804 3332 2036 3396 dixisset,
2068 3333 2177 3385 υἱοί
2209 3333 2278 3385 ab
2303 3334 2414 3386 He·

414 3398 1176 3535 ssssqitgqumt.m
1220 3405 1323 3455 etc.
1403 3399 1556 3456 Haec
1599 3398 1865 3469 quomodo
1908 3398 2041 3454 illuc
2085 3398 2412 3469 pertineant,
