2734 4000
1197 277 1269 287 ...
1352 251 1387 304 6
1468 277 1540 288 ..-

360 397 532 457 nione
585 413 783 458 eorum
796 443 811 472 ,
867 398 966 470 qui
1003 397 1292 472 hodieque
1331 399 1485 473 hunc
1530 404 1754 458 textum
1767 444 1781 471 ,
1835 400 2023 471 qualis
2075 400 2378 473 paullatim

360 471 511 534 forte
549 473 782 534 fortuna
819 473 1007 534 factus
1049 482 1156 548 est,
1209 476 1521 548 genuinum
1561 492 1631 534 ac
1671 492 1854 563 prope
1894 473 2374 535 Μουσόπνευστον

359 550 578 610 habere
617 551 918 623 videntur3
959 552 1201 611 istorum
1245 552 1508 626 exemplo
1535 552 2057 623 Buxtorfianorum‚
2099 554 2199 627 qui
2240 571 2381 613 ean-

361 627 494 686 dem
531 644 657 686 rem
696 629 832 687 olim
870 628 1291 702 praedicabant
1331 629 1405 688 de
1444 629 1734 689 Hebraico
1776 630 1976 689 codice
2017 647 2149 703 suo,
2200 647 2376 704 quum

361 704 435 762 ab
477 721 547 764 eo
588 721 815 764 omnem
853 706 1071 777 ingenii
1112 712 1173 764 et
1211 711 1437 765 tantum
1474 723 1589 765 non
1616 706 1859 766 rationis
1886 707 2172 766 humanae
2203 723 2375 766 usum

362 787 647 854 arcerent,
690 798 762 841 ea
801 798 1029 855 quoque
1068 789 1344 854 tanquam
1373 779 1722 841 θεόπνευστα
1746 784 2003 856 reveriti,
2046 800 2195 856 quae
2224 801 2379 843 nunc

362 873 398 916 a
438 857 625 917 doctis
668 859 1048 919 vitiosissima
1087 865 1387 933 putantur.

1272 1037 1405 1118 IV.

477 1169 604 1228 Nec
630 1185 767 1228 vero
794 1167 1099 1226 Ernestius
1127 1166 1440 1240 quidquam
1466 1167 1653 1225 minus
1683 1182 1925 1239 sperare
1952 1168 2161 1240 potuit,
2196 1184 2371 1239 quam

363 1245 510 1304 tales
552 1245 880 1305 exornando
920 1244 1174 1304 Homero
1214 1250 1527 1316 tantasque
1566 1244 1764 1317 copias
1806 1258 2114 1316 superesse
2129 1290 2143 1317 ,
2196 1261 2375 1317 quan·

357 1326 460 1380 tae
508 1322 598 1381 his
649 1322 878 1381 demum
928 1327 1153 1395 septem
1204 1322 1369 1380 annis
1422 1321 1773 1393 obtigerunt.
1854 1321 1976 1378 Iam
2028 1322 2121 1380 hic
2172 1323 2412 1394 paucis

30 1390 182 1442 *jv*
218 1410 345 1475 Mam]
363 1398 557 1457 verbis
599 1393 970 1458 delibandum
1009 1398 1174 1458 nobis
1217 1403 1308 1457 est
1335 1398 1565 1470 insigne
1593 1397 1859 1455 meritum
1887 1396 2232 1473 VQSQL
2274 1399 2375 1471 qui

362 1475 582 1548 primus
625 1466 1010 1535 duosffliadis'
1023 1475 1252 1535 codices
1279 1476 1536 1534 Venetos
1564 1475 1623 1531 in
1651 1473 1944 1546 publicum
1971 1476 2221 1548 protulit
2248 1492 2379 1534 cum

365 1568 437 1609 ea
465 1551 821 1615 Scholiorum
859 1553 1148 1625 congerie,
1190 1567 1340 1624 quae
1380 1552 1749 1623 antiquarum
1792 1557 1853 1609 et
1889 1551 1966 1609 ad
2003 1551 2208 1611 horum
2239 1553 2377 1611 Car-

363 1629 579 1687 minum
641 1627 765 1688 fata
816 1636 877 1688 et
926 1634 1119 1689 textus
1169 1628 1560 1689 conditionem
1619 1628 2086 1701 perspiciendam
2154 1629 2382 1688 utilium

362 1721 557 1764 rerum
595 1707 820 1779 copiam
858 1707 1040 1766 multo
1078 1706 1355 1766 maiorem
1373 1750 1388 1778 ,
1431 1722 1603 1777 quam
1642 1706 1826 1763 ceteri
1866 1706 1926 1762 in
1965 1723 2143 1765 unum
2182 1706 2383 1766 collati

361 1781 497 1840 libri
537 1799 752 1855 omnes,
795 1782 1150 1856 suppeditat,
1193 1788 1369 1856 atque
1410 1783 1640 1842 omnino
1682 1782 1897 1840 criticis
1941 1787 2002 1841 et
2051 1782 2382 1856 grammati-

175 1921 183 1930 *
365 1858 448 1916 cis
489 1859 704 1918 divitiis
758 1876 872 1919 non
911 1859 1082 1919 modo
1120 1859 1431 1919 Eustathio
1447 1904 1463 1932 ‚
1505 1859 1610 1918 sed
1650 1859 1911 1918 omnibus
1954 1860 2207 1919 omnium
2245 1864 2384 1934 poe-

155 1918 275 1969 (ΗΜ
287 1945 338 1985 12
365 1940 552 1994 tarum
608 1936 946 1996 Scholiastis
995 1937 1169 2016 longe
1221 1936 1537 1996 antecellit.
1636 1936 2001 2009 Ignoscenda
2056 1937 2135 1995 sit
2185 1934 2384 1995 forsan

366 2014 654 2087 cupiditas
695 2014 982 2086 quaedam
1020 2016 1080 2073 in
1118 2014 1413 2074 laudando
1453 2014 1634 2086 libro,
1687 2030 1859 2085 quem
1910 2014 2087 2087 longa
2136 2020 2199 2072 et
2248 2031 2387 2087 ope-

364 2106 502 2149 rosa
539 2092 813 2151 tractatio
852 2092 1018 2151 nobis
1059 2108 1257 2151 carum
1295 2089 1451 2149 fecit.
1532 2091 1747 2160 Verum
1766 2091 1872 2157 ,ita
1913 2090 1987 2149 de
2025 2091 2127 2150 illo
2187 2107 2386 2162 quem-

366 2182 479 2238 que
520 2167 849 2248 existimare
891 2175 1064 2241 cogat
1101 2169 1245 2228 levis
1287 2169 1646 2241 comparatio
1702 2183 1899 2226 eorum
1915 2212 1929 2239 ,
1985 2183 2135 2240 quae
2174 2168 2235 2225 in
2274 2168 2385 2227 hoc

365 2259 580 2315 genere
622 2251 789 2303 erant
826 2246 988 2319 prius
1029 2246 1294 2317 vulgata:
1349 2261 1517 2303 secus
1559 2245 1657 2316 qui
1713 2244 2071 2318 sentiebant,
2125 2245 2217 2303 vel
2270 2260 2385 2305 non

365 2326 630 2380 recentes
673 2328 840 2381 erant
881 2339 917 2380 a
957 2322 1413 2382 Scholiastarum
1451 2323 1700 2380 lectione
1718 2365 1734 2394 ,
1775 2322 1870 2380 vel
1911 2321 2153 2381 editoris
2197 2322 2387 2395 prima

364 2398 744 2469 promissione
784 2400 845 2457 in
883 2399 1118 2459 nimiam
1158 2416 1322 2472 spem
1364 2400 1564 2471 erecti,
1604 2398 1857 2472 speratis
1896 2414 2031 2457 mox
2068 2399 2295 2457 minora
2322 2414 2389 2457 se

365 2475 660 2547 accepisse
701 2491 880 2548 aegre
919 2474 1203 2535 ferebant.
1280 2475 1570 2534 Videntur
1610 2475 1758 2534 adeo
1796 2472 1978 2533 fuisse
1996 2518 2011 2548 ,
2069 2476 2170 2547 qui
2211 2491 2388 2546 quum

364 2550 664 2624 Zenodoti,
704 2551 1048 2625 Aristarchi,
1082 2552 1354 2625 Crateti8‚
1383 2553 1707 2623 AlexioniS,
1747 2557 1837 2611 tot
1862 2552 2107 2610 aliorum
2135 2551 2387 2610 Alexan-

365 2627 689 2701 drinorum,
737 2630 969 2689 nomina
1006 2629 1089 2688 ibi
1129 2646 1306 2702 saepe
1362 2629 1590 2701 afferri,
1639 2629 1920 2687 lectiones
1965 2629 2143 2687 etiam
2184 2628 2389 2687 editio-

365 2720 520 2777 num,
562 2720 805 2777 quarum
846 2706 1036 2764 tenuis
1077 2706 1154 2765 ad
1193 2723 1299 2766 nos
1337 2706 1623 2764 memoria
1662 2705 1933 2777 venisset,
1976 2709 2155 2776 atque
2180 2706 2389 2765 multo-

363 2797 492 2838 rum
531 2781 850 2854 singularia
890 2783 981 2841 de'
1003 2783 1258 2842 Homero
1299 2783 1525 2855 scripta
1562 2781 1793 2840 laudari
1832 2781 2216 2855 audivissent,
2258 2799 2391 2841 con-

363 2857 525 2917 tinuo
550 2858 657 2918 has
683 2849 840 2932 ipsas
862 2860 1371 2919 commentationes
1393 2865 1455 2917 et
1480 2856 1846 2936 διορθώσεις,
1901 2859 1961 2915 in
1988 2875 2163 2916 unum
2182 2874 2391 2932 corpus

365 2940 696 3009 compactas
710 2980 724 3007 ,
764 2937 931 2995 nobis
959 2936 1228 3015 ,leatllm
1254 2936 1344 3004 <iri
1384 2936 1779 3009 opinarentur.
1874 2934 2131 2994 Tandem
2171 2935 2393 3008 prodiit

366 3009 534 3084 liber,
574 3013 750 3085 longa
790 3011 1221 3087 exspectatione
1262 3012 1567 3072 doctorum
1594 3012 1791 3071 celebr
1803 3016 1953 3084 atuS,
1992 3011 2123 3085 plus
2150 3011 2391 3071 dimidio

367 3088 554 3148 minor
603 3106 775 3161 quam
826 3090 1190 3148 Eustathius.
1278 3090 1361 3148 Et
1423 3090 1620 3150 attulit
1679 3088 2077 3148 tantummodo
2140 3104 2213 3147 ex
2270 3088 2385 3146 illis

374 3166 711 3226 criticorum
747 3171 808 3225 et
843 3167 1225 3240 interpretum
1265 3165 1540 3240 operibus
1578 3166 1877 3240 Excerpta
1890 3209 1906 3238 ,
1955 3181 2071 3224 non
2112 3181 2181 3224 eo
2221 3165 2385 3224 insti-

373 3248 502 3301 tuto
542 3240 715 3315 facta,
757 3244 912 3315 quod
954 3244 1080 3315 quis
1120 3248 1381 3302 nostrum
1418 3258 1569 3301 nunc
1607 3247 1888 3315 sequatur
1912 3243 1974 3299 in
2001 3241 2384 3316 excerpendO,

375 3319 546 3379 modo
588 3319 876 3393 uberiora,
915 3320 1088 3380 modo
1129 3320 1549 3391 contractiora3
1587 3320 1851 3393 plurimis
1892 3318 2126 3391 quidem
2163 3316 2386 3377 referta

374 3396 738 3469 lectionibus,
779 3396 885 3455 sed
923 3397 996 3456 iis
1035 3413 1144 3456 nec
1182 3396 1499 3471 primorum
1535 3394 1797 3469 fontium,
1838 3412 1948 3454 nec
1972 3396 2263 3455 rationum
2288 3412 2384 3455 ex-

377 3472 687 3543 plicatione
727 3475 871 3533 satis
909 3474 1177 3545 munitis;
1217 3477 1510 3547 postremo
1537 3474 1735 3546 multa,
1777 3488 1927 3545 quae
1955 3471 2035 3532 ad
2061 3471 2384 3533 doctrinam
