<?xml version="1.0" encoding="UTF-8"?>
<!DOCTYPE html PUBLIC "-//W3C//DTD XHTML 1.0 Transitional//EN"
    "http://www.w3.org/TR/xhtml1/DTD/xhtml1-transitional.dtd">
<html xmlns="http://www.w3.org/1999/xhtml" xml:lang="en" lang="en">
 <head>
  <title>
</title>
<meta http-equiv="Content-Type" content="text/html;charset=utf-8" />
  <meta name='ocr-system' content='tesseract 3.04.00' />
  <meta name='ocr-capabilities' content='ocr_page ocr_carea ocr_par ocr_line ocrx_word'/>
</head>
<body>
  <div class='ocr_page' id='page_1' title='image "./prolegomenaadho00bekkgoog_0065.png"; bbox 0 0 2734 4000; ppageno 0'>
   <div class='ocr_carea' id='block_1_1' title="bbox 249 459 2341 3603">
    <p class='ocr_par' dir='ltr' id='par_1_1' title="bbox 249 459 2267 1456">
     <span class='ocr_line' id='line_1_1' title="bbox 250 459 2259 536; baseline 0.002 -16"><span class='ocrx_word' id='word_1_1' title='bbox 250 462 441 521; x_wconf 89' lang='lat' dir='ltr'>Unam</span> <span class='ocrx_word' id='word_1_2' title='bbox 484 459 633 518; x_wconf 89' lang='lat' dir='ltr'>hanc</span> <span class='ocrx_word' id='word_1_3' title='bbox 659 460 1153 531; x_wconf 80' lang='lat' dir='ltr'>quaestiunculam</span> <span class='ocrx_word' id='word_1_4' title='bbox 1180 460 1504 520; x_wconf 78' lang='lat' dir='ltr'><strong>discedenti</strong></span> <span class='ocrx_word' id='word_1_5' title='bbox 1528 462 1782 521; x_wconf 82' lang='lat' dir='ltr'><strong>Homero</strong></span> <span class='ocrx_word' id='word_1_6' title='bbox 1808 478 2132 536; x_wconf 79' lang='lat' dir='ltr'>proponere</span> <span class='ocrx_word' id='word_1_7' title='bbox 2160 463 2259 524; x_wconf 89' lang='lat' dir='ltr'>ob-</span> 
     </span>
     <span class='ocr_line' id='line_1_2' title="bbox 254 534 2261 609; baseline 0.002 -13"><span class='ocrx_word' id='word_1_8' title='bbox 254 540 397 597; x_wconf 91' lang='lat' dir='ltr'>litus</span> <span class='ocrx_word' id='word_1_9' title='bbox 438 543 531 595; x_wconf 88' lang='lat' dir='ltr'>est</span> <span class='ocrx_word' id='word_1_10' title='bbox 567 534 791 595; x_wconf 82' lang='lat' dir='ltr'>facetus</span> <span class='ocrx_word' id='word_1_11' title='bbox 830 534 1137 609; x_wconf 84' lang='lat' dir='ltr'>fabulator,</span> <span class='ocrx_word' id='word_1_12' title='bbox 1178 553 1463 609; x_wconf 87' lang='lat' dir='ltr'>quaenam</span> <span class='ocrx_word' id='word_1_13' title='bbox 1485 554 1557 597; x_wconf 88' lang='lat' dir='ltr'>ex</span> <span class='ocrx_word' id='word_1_14' title='bbox 1577 543 1668 597; x_wconf 90' lang='lat' dir='ltr'>tot</span> <span class='ocrx_word' id='word_1_15' title='bbox 1705 536 1948 597; x_wconf 89' lang='lat' dir='ltr'>diversis</span> <span class='ocrx_word' id='word_1_16' title='bbox 1973 542 2261 601; x_wconf 90' lang='lat' dir='ltr'>recensio·</span> 
     </span>
     <span class='ocr_line' id='line_1_3' title="bbox 254 611 2262 688; baseline 0.002 -15"><span class='ocrx_word' id='word_1_17' title='bbox 254 615 427 673; x_wconf 90' lang='lat' dir='ltr'>nibus</span> <span class='ocrx_word' id='word_1_18' title='bbox 478 611 779 688; x_wconf 88' lang='lat' dir='ltr'>probanda</span> <span class='ocrx_word' id='word_1_19' title='bbox 818 619 975 672; x_wconf 88' lang='lat' dir='ltr'>esset</span> <span class='ocrx_word' id='word_1_20' title='bbox 1014 614 1097 685; x_wconf 92' lang='lat' dir='ltr'>ei,</span> <span class='ocrx_word' id='word_1_21' title='bbox 1150 615 1250 686; x_wconf 90' lang='lat' dir='ltr'>qui</span> <span class='ocrx_word' id='word_1_22' title='bbox 1289 616 1452 673; x_wconf 90' lang='lat' dir='ltr'>illum</span> <span class='ocrx_word' id='word_1_23' title='bbox 1491 631 1620 673; x_wconf 88' lang='lat' dir='ltr'>cum</span> <span class='ocrx_word' id='word_1_24' title='bbox 1659 621 1947 688; x_wconf 89' lang='lat' dir='ltr'>apparatu</span> <span class='ocrx_word' id='word_1_25' title='bbox 1986 617 2262 679; x_wconf 86' lang='lat' dir='ltr'>librorum</span> 
     </span>
     <span class='ocr_line' id='line_1_4' title="bbox 256 690 2261 764; baseline 0.001 -14"><span class='ocrx_word' id='word_1_26' title='bbox 256 694 478 764; x_wconf 89' lang='lat' dir='ltr'>legere,</span> <span class='ocrx_word' id='word_1_27' title='bbox 531 695 634 748; x_wconf 89' lang='lat' dir='ltr'>aut</span> <span class='ocrx_word' id='word_1_28' title='bbox 672 691 800 763; x_wconf 90' lang='lat' dir='ltr'>ipse</span> <span class='ocrx_word' id='word_1_29' title='bbox 839 690 912 748; x_wconf 92' lang='lat' dir='ltr'>de</span> <span class='ocrx_word' id='word_1_30' title='bbox 950 691 1042 749; x_wconf 93' lang='lat' dir='ltr'>his</span> <span class='ocrx_word' id='word_1_31' title='bbox 1083 691 1258 750; x_wconf 88' lang='lat' dir='ltr'>rebus</span> <span class='ocrx_word' id='word_1_32' title='bbox 1297 691 1557 751; x_wconf 89' lang='lat' dir='ltr'>iudicare</span> <span class='ocrx_word' id='word_1_33' title='bbox 1596 707 1710 752; x_wconf 90' lang='lat' dir='ltr'>non</span> <span class='ocrx_word' id='word_1_34' title='bbox 1749 699 2000 751; x_wconf 79' lang='lat' dir='ltr'>curaret.</span> <span class='ocrx_word' id='word_1_35' title='bbox 2075 694 2261 753; x_wconf 75' lang='lat' dir='ltr'>Nimis</span> 
     </span>
     <span class='ocr_line' id='line_1_5' title="bbox 260 767 2262 844; baseline 0.001 -17"><span class='ocrx_word' id='word_1_36' title='bbox 260 770 414 827; x_wconf 89' lang='lat' dir='ltr'>enim</span> <span class='ocrx_word' id='word_1_37' title='bbox 452 768 824 825; x_wconf 86' lang='lat' dir='ltr'>temerarium</span> <span class='ocrx_word' id='word_1_38' title='bbox 851 773 1008 826; x_wconf 87' lang='lat' dir='ltr'>esset</span> <span class='ocrx_word' id='word_1_39' title='bbox 1036 774 1096 826; x_wconf 89' lang='lat' dir='ltr'>et</span> <span class='ocrx_word' id='word_1_40' title='bbox 1123 767 1627 840; x_wconf 86' lang='lat' dir='ltr'>inconsideratum,</span> <span class='ocrx_word' id='word_1_41' title='bbox 1667 769 1835 827; x_wconf 87' lang='lat' dir='ltr'>unice</span> <span class='ocrx_word' id='word_1_42' title='bbox 1864 784 1991 828; x_wconf 89' lang='lat' dir='ltr'>eam</span> <span class='ocrx_word' id='word_1_43' title='bbox 2018 771 2262 844; x_wconf 86' lang='lat' dir='ltr'>scriptu-</span> 
     </span>
     <span class='ocr_line' id='line_1_6' title="bbox 258 842 2264 920; baseline 0.002 -17"><span class='ocrx_word' id='word_1_44' title='bbox 258 862 405 916; x_wconf 90' lang='lat' dir='ltr'>ram,</span> <span class='ocrx_word' id='word_1_45' title='bbox 447 860 597 916; x_wconf 90' lang='lat' dir='ltr'>quae</span> <span class='ocrx_word' id='word_1_46' title='bbox 637 861 741 903; x_wconf 90' lang='lat' dir='ltr'>suo</span> <span class='ocrx_word' id='word_1_47' title='bbox 769 859 911 903; x_wconf 88' lang='lat' dir='ltr'>aevo</span> <span class='ocrx_word' id='word_1_48' title='bbox 938 842 1088 904; x_wconf 88' lang='lat' dir='ltr'>forte</span> <span class='ocrx_word' id='word_1_49' title='bbox 1115 861 1368 917; x_wconf 89' lang='lat' dir='ltr'>casuque</span> <span class='ocrx_word' id='word_1_50' title='bbox 1387 847 1626 918; x_wconf 89' lang='lat' dir='ltr'>vulgata</span> <span class='ocrx_word' id='word_1_51' title='bbox 1649 844 1918 918; x_wconf 71' lang='lat' dir='ltr'>senetur,</span> <span class='ocrx_word' id='word_1_52' title='bbox 1957 863 2064 920; x_wconf 81' lang='lat' dir='ltr'>pro</span> <span class='ocrx_word' id='word_1_53' title='bbox 2101 852 2264 907; x_wconf 84' lang='lat' dir='ltr'>recta</span> 
     </span>
     <span class='ocr_line' id='line_1_7' title="bbox 263 920 2265 997; baseline 0.001 -17"><span class='ocrx_word' id='word_1_54' title='bbox 263 929 325 981; x_wconf 91' lang='lat' dir='ltr'>et</span> <span class='ocrx_word' id='word_1_55' title='bbox 377 921 629 994; x_wconf 89' lang='lat' dir='ltr'>genuina</span> <span class='ocrx_word' id='word_1_56' title='bbox 667 920 900 980; x_wconf 90' lang='lat' dir='ltr'>habere.</span> <span class='ocrx_word' id='word_1_57' title='bbox 978 923 1206 980; x_wconf 90' lang='lat' dir='ltr'>Numne</span> <span class='ocrx_word' id='word_1_58' title='bbox 1243 923 1354 982; x_wconf 91' lang='lat' dir='ltr'>hoc</span> <span class='ocrx_word' id='word_1_59' title='bbox 1392 922 1552 981; x_wconf 90' lang='lat' dir='ltr'>aliud</span> <span class='ocrx_word' id='word_1_60' title='bbox 1592 927 1712 994; x_wconf 87' lang='lat' dir='ltr'>est,</span> <span class='ocrx_word' id='word_1_61' title='bbox 1763 939 1935 994; x_wconf 89' lang='lat' dir='ltr'>quam</span> <span class='ocrx_word' id='word_1_62' title='bbox 1976 924 2119 997; x_wconf 90' lang='lat' dir='ltr'>eius,</span> <span class='ocrx_word' id='word_1_63' title='bbox 2165 926 2265 996; x_wconf 90' lang='lat' dir='ltr'>qui</span> 
     </span>
     <span class='ocr_line' id='line_1_8' title="bbox 262 998 2266 1073; baseline 0.001 -16"><span class='ocrx_word' id='word_1_64' title='bbox 262 1001 417 1057; x_wconf 91' lang='lat' dir='ltr'>inter</span> <span class='ocrx_word' id='word_1_65' title='bbox 455 998 652 1071; x_wconf 89' lang='lat' dir='ltr'>plures</span> <span class='ocrx_word' id='word_1_66' title='bbox 690 998 1033 1057; x_wconf 90' lang='lat' dir='ltr'>novissimus</span> <span class='ocrx_word' id='word_1_67' title='bbox 1072 999 1296 1058; x_wconf 90' lang='lat' dir='ltr'>locutus</span> <span class='ocrx_word' id='word_1_68' title='bbox 1338 1000 1433 1072; x_wconf 89' lang='lat' dir='ltr'>sit,</span> <span class='ocrx_word' id='word_1_69' title='bbox 1474 999 1745 1058; x_wconf 84' lang='lat' dir='ltr'>assentiri</span> <span class='ocrx_word' id='word_1_70' title='bbox 1770 1001 2132 1073; x_wconf 66' lang='lat' dir='ltr'>sententiae‘3</span> <span class='ocrx_word' id='word_1_71' title='bbox 2173 1001 2266 1060; x_wconf 79' lang='lat' dir='ltr'>Ita</span> 
     </span>
     <span class='ocr_line' id='line_1_9' title="bbox 249 1075 2265 1149; baseline 0.003 -19"><span class='ocrx_word' id='word_1_72' title='bbox 249 1076 534 1134; x_wconf 77' lang='lat' dir='ltr'>,nimirum</span> <span class='ocrx_word' id='word_1_73' title='bbox 573 1076 672 1146; x_wconf 91' lang='lat' dir='ltr'>qui</span> <span class='ocrx_word' id='word_1_74' title='bbox 713 1076 890 1133; x_wconf 83' lang='lat' dir='ltr'>sentit</span> <span class='ocrx_word' id='word_1_75' title='bbox 927 1075 1002 1133; x_wconf 93' lang='lat' dir='ltr'>de</span> <span class='ocrx_word' id='word_1_76' title='bbox 1042 1077 1292 1149; x_wconf 87' lang='lat' dir='ltr'>scriptis,</span> <span class='ocrx_word' id='word_1_77' title='bbox 1343 1078 1394 1134; x_wconf 91' lang='lat' dir='ltr'>si</span> <span class='ocrx_word' id='word_1_78' title='bbox 1433 1077 1556 1135; x_wconf 89' lang='lat' dir='ltr'>vita</span> <span class='ocrx_word' id='word_1_79' title='bbox 1595 1077 1721 1134; x_wconf 94' lang='lat' dir='ltr'>eius</span> <span class='ocrx_word' id='word_1_80' title='bbox 1759 1077 1822 1134; x_wconf 92' lang='lat' dir='ltr'>in</span> <span class='ocrx_word' id='word_1_81' title='bbox 1859 1077 2021 1135; x_wconf 89' lang='lat' dir='ltr'>aliud</span> <span class='ocrx_word' id='word_1_82' title='bbox 2060 1092 2265 1136; x_wconf 85' lang='lat' dir='ltr'>aevum</span> 
     </span>
     <span class='ocr_line' id='line_1_10' title="bbox 266 1151 2266 1226; baseline 0.001 -16"><span class='ocrx_word' id='word_1_83' title='bbox 266 1153 587 1223; x_wconf 88' lang='lat' dir='ltr'>incidisset,</span> <span class='ocrx_word' id='word_1_84' title='bbox 642 1151 814 1209; x_wconf 85' lang='lat' dir='ltr'>aliam</span> <span class='ocrx_word' id='word_1_85' title='bbox 852 1152 1145 1224; x_wconf 84' lang='lat' dir='ltr'>vulgatam</span> <span class='ocrx_word' id='word_1_86' title='bbox 1185 1151 1669 1226; x_wconf 88' lang='lat' dir='ltr'>comprobandam</span> <span class='ocrx_word' id='word_1_87' title='bbox 1706 1151 1974 1224; x_wconf 85' lang='lat' dir='ltr'>haberet3</span> <span class='ocrx_word' id='word_1_88' title='bbox 2039 1155 2176 1225; x_wconf 87' lang='lat' dir='ltr'>quin</span> <span class='ocrx_word' id='word_1_89' title='bbox 2213 1156 2266 1213; x_wconf 89' lang='lat' dir='ltr'>si</span> 
     </span>
     <span class='ocr_line' id='line_1_11' title="bbox 270 1228 2267 1302; baseline 0.001 -14"><span class='ocrx_word' id='word_1_90' title='bbox 270 1235 464 1288; x_wconf 87' lang='lat' dir='ltr'>textus</span> <span class='ocrx_word' id='word_1_91' title='bbox 505 1228 578 1287; x_wconf 91' lang='lat' dir='ltr'>ab</span> <span class='ocrx_word' id='word_1_92' title='bbox 604 1229 768 1287; x_wconf 84' lang='lat' dir='ltr'>initio</span> <span class='ocrx_word' id='word_1_93' title='bbox 796 1229 1057 1302; x_wconf 90' lang='lat' dir='ltr'>prolatus</span> <span class='ocrx_word' id='word_1_94' title='bbox 1087 1246 1159 1287; x_wconf 86' lang='lat' dir='ltr'>ex</span> <span class='ocrx_word' id='word_1_95' title='bbox 1184 1230 1390 1289; x_wconf 91' lang='lat' dir='ltr'>iisdem</span> <span class='ocrx_word' id='word_1_96' title='bbox 1416 1229 1578 1288; x_wconf 89' lang='lat' dir='ltr'>libris</span> <span class='ocrx_word' id='word_1_97' title='bbox 1610 1234 1783 1301; x_wconf 90' lang='lat' dir='ltr'>esset,</span> <span class='ocrx_word' id='word_1_98' title='bbox 1825 1246 2066 1302; x_wconf 90' lang='lat' dir='ltr'>quorum</span> <span class='ocrx_word' id='word_1_99' title='bbox 2093 1229 2267 1290; x_wconf 86' lang='lat' dir='ltr'>fidem</span> 
     </span>
     <span class='ocr_line' id='line_1_12' title="bbox 270 1306 2266 1379; baseline 0.001 -14"><span class='ocrx_word' id='word_1_100' title='bbox 270 1306 623 1378; x_wconf 90' lang='lat' dir='ltr'>sequendam</span> <span class='ocrx_word' id='word_1_101' title='bbox 663 1320 793 1363; x_wconf 87' lang='lat' dir='ltr'>esse</span> <span class='ocrx_word' id='word_1_102' title='bbox 818 1312 1012 1377; x_wconf 87' lang='lat' dir='ltr'>negat,</span> <span class='ocrx_word' id='word_1_103' title='bbox 1052 1321 1261 1379; x_wconf 89' lang='lat' dir='ltr'>magno</span> <span class='ocrx_word' id='word_1_104' title='bbox 1288 1306 1482 1366; x_wconf 90' lang='lat' dir='ltr'>studio</span> <span class='ocrx_word' id='word_1_105' title='bbox 1509 1307 1960 1379; x_wconf 84' lang='lat' dir='ltr'>amplecteretur</span> <span class='ocrx_word' id='word_1_106' title='bbox 1986 1323 2076 1379; x_wconf 88' lang='lat' dir='ltr'>ea,</span> <span class='ocrx_word' id='word_1_107' title='bbox 2117 1323 2266 1379; x_wconf 77' lang='lat' dir='ltr'>quae</span> 
     </span>
     <span class='ocr_line' id='line_1_13' title="bbox 270 1383 1223 1456; baseline 0 -15"><span class='ocrx_word' id='word_1_108' title='bbox 270 1399 423 1441; x_wconf 88' lang='lat' dir='ltr'>nunc</span> <span class='ocrx_word' id='word_1_109' title='bbox 461 1384 682 1456; x_wconf 89' lang='lat' dir='ltr'>spernit</span> <span class='ocrx_word' id='word_1_110' title='bbox 724 1397 793 1439; x_wconf 87' lang='lat' dir='ltr'>ac</span> <span class='ocrx_word' id='word_1_111' title='bbox 831 1383 1043 1440; x_wconf 88' lang='lat' dir='ltr'>reiicit.</span> <span class='ocrx_word' id='word_1_112' title='bbox 1211 1434 1223 1441; x_wconf 88' lang='lat'>.</span> 
     </span>
    </p>

    <p class='ocr_par' dir='ltr' id='par_1_2' title="bbox 264 1458 2341 3603">
     <span class='ocr_line' id='line_1_14' title="bbox 422 1458 2268 1532; baseline 0.001 -14"><span class='ocrx_word' id='word_1_113' title='bbox 422 1461 626 1531; x_wconf 86' lang='lat' dir='ltr'>Neque</span> <span class='ocrx_word' id='word_1_114' title='bbox 677 1474 813 1518; x_wconf 89' lang='lat' dir='ltr'>vero</span> <span class='ocrx_word' id='word_1_115' title='bbox 862 1458 1110 1530; x_wconf 89' lang='lat' dir='ltr'>denique</span> <span class='ocrx_word' id='word_1_116' title='bbox 1159 1459 1462 1532; x_wconf 89' lang='lat' dir='ltr'>quisquam</span> <span class='ocrx_word' id='word_1_117' title='bbox 1512 1459 1722 1519; x_wconf 88' lang='lat' dir='ltr'>menda</span> <span class='ocrx_word' id='word_1_118' title='bbox 1771 1460 2138 1519; x_wconf 88' lang='lat' dir='ltr'>librariorum</span> <span class='ocrx_word' id='word_1_119' title='bbox 2175 1461 2268 1520; x_wconf 86' lang='lat' dir='ltr'>vel</span> 
     </span>
     <span class='ocr_line' id='line_1_15' title="bbox 271 1537 2265 1611; baseline -0.001 -15"><span class='ocrx_word' id='word_1_120' title='bbox 271 1537 720 1610; x_wconf 79' lang='lat' dir='ltr'>typothetarum,</span> <span class='ocrx_word' id='word_1_121' title='bbox 762 1552 911 1608; x_wconf 89' lang='lat' dir='ltr'>quae</span> <span class='ocrx_word' id='word_1_122' title='bbox 952 1537 1182 1595; x_wconf 89' lang='lat' dir='ltr'>saeculo</span> <span class='ocrx_word' id='word_1_123' title='bbox 1210 1553 1314 1596; x_wconf 92' lang='lat' dir='ltr'>suo</span> <span class='ocrx_word' id='word_1_124' title='bbox 1342 1537 1403 1594; x_wconf 93' lang='lat' dir='ltr'>in</span> <span class='ocrx_word' id='word_1_125' title='bbox 1429 1537 1722 1610; x_wconf 81' lang='lat' dir='ltr'>vulgatam</span> <span class='ocrx_word' id='word_1_126' title='bbox 1749 1537 2056 1596; x_wconf 90' lang='lat' dir='ltr'>lectionem</span> <span class='ocrx_word' id='word_1_127' title='bbox 2082 1538 2265 1611; x_wconf 89' lang='lat' dir='ltr'>irrep-</span> 
     </span>
     <span class='ocr_line' id='line_1_16' title="bbox 272 1613 2265 1687; baseline 0 -15"><span class='ocrx_word' id='word_1_128' title='bbox 272 1620 491 1685; x_wconf 88' lang='lat' dir='ltr'>serunt,</span> <span class='ocrx_word' id='word_1_129' title='bbox 531 1619 650 1671; x_wconf 89' lang='lat' dir='ltr'>tam</span> <span class='ocrx_word' id='word_1_130' title='bbox 690 1619 888 1671; x_wconf 88' lang='lat' dir='ltr'>sancte</span> <span class='ocrx_word' id='word_1_131' title='bbox 930 1613 1324 1672; x_wconf 87' lang='lat' dir='ltr'>conservanda</span> <span class='ocrx_word' id='word_1_132' title='bbox 1361 1620 1547 1686; x_wconf 88' lang='lat' dir='ltr'>putet.</span> <span class='ocrx_word' id='word_1_133' title='bbox 1587 1614 1764 1672; x_wconf 91' lang='lat' dir='ltr'>Velut</span> <span class='ocrx_word' id='word_1_134' title='bbox 1800 1629 1986 1687; x_wconf 89' lang='lat' dir='ltr'>nuper</span> <span class='ocrx_word' id='word_1_135' title='bbox 2023 1615 2087 1671; x_wconf 87' lang='lat' dir='ltr'>in</span> <span class='ocrx_word' id='word_1_136' title='bbox 2122 1615 2265 1672; x_wconf 88' lang='lat' dir='ltr'>mul-</span> 
     </span>
     <span class='ocr_line' id='line_1_17' title="bbox 271 1688 2263 1769; baseline -0.001 -21"><span class='ocrx_word' id='word_1_137' title='bbox 271 1693 350 1749; x_wconf 87' lang='lat' dir='ltr'>tis</span> <span class='ocrx_word' id='word_1_138' title='bbox 379 1689 542 1748; x_wconf 90' lang='lat' dir='ltr'>editt.</span> <span class='ocrx_word' id='word_1_139' title='bbox 570 1690 795 1762; x_wconf 89' lang='lat' dir='ltr'>vulgari</span> <span class='ocrx_word' id='word_1_140' title='bbox 822 1694 1089 1762; x_wconf 89' lang='lat' dir='ltr'>coeptum</span> <span class='ocrx_word' id='word_1_141' title='bbox 1110 1696 1200 1748; x_wconf 89' lang='lat' dir='ltr'>est</span> <span class='ocrx_word' id='word_1_142' title='bbox 1228 1688 1275 1745; x_wconf 92' lang='grc' dir='ltr'>λ.</span> <span class='ocrx_word' id='word_1_143' title='bbox 1306 1696 1436 1750; x_wconf 85' lang='grc'><strong>546.</strong></span> <span class='ocrx_word' id='word_1_144' title='bbox 1465 1688 1645 1769; x_wconf 80' lang='grc' dir='ltr'><em>ὁμίλῳ</em></span> <span class='ocrx_word' id='word_1_145' title='bbox 1671 1706 1777 1764; x_wconf 91' lang='lat' dir='ltr'>pro</span> <span class='ocrx_word' id='word_1_146' title='bbox 1805 1688 2019 1767; x_wconf 83' lang='grc' dir='ltr'><strong><em>ὁμίλου,</em></strong></span> <span class='ocrx_word' id='word_1_147' title='bbox 2041 1711 2104 1767; x_wconf 78' lang='grc' dir='ltr'>μ.</span> <span class='ocrx_word' id='word_1_148' title='bbox 2133 1697 2263 1752; x_wconf 83' lang='grc'><strong>340.</strong></span> 
     </span>
     <span class='ocr_line' id='line_1_18' title="bbox 268 1762 2266 1846; baseline 0.002 -23"><span class='ocrx_word' id='word_1_149' title='bbox 268 1764 415 1823; x_wconf 74' lang='grc' dir='ltr'><strong><em>αὐτά</em></strong></span> <span class='ocrx_word' id='word_1_150' title='bbox 451 1783 508 1840; x_wconf 88' lang='lat' dir='ltr'>p.</span> <span class='ocrx_word' id='word_1_151' title='bbox 548 1763 747 1834; x_wconf 81' lang='grc' dir='ltr'><strong><em>αὐτάς,</em></strong></span> <span class='ocrx_word' id='word_1_152' title='bbox 779 1786 838 1843; x_wconf 84' lang='grc' dir='ltr'>ρ.</span> <span class='ocrx_word' id='word_1_153' title='bbox 878 1770 1007 1826; x_wconf 78' lang='grc'><strong>750.</strong></span> <span class='ocrx_word' id='word_1_154' title='bbox 1050 1762 1211 1846; x_wconf 76' lang='grc' dir='ltr'><em>ἴσχεν</em></span> <span class='ocrx_word' id='word_1_155' title='bbox 1237 1784 1293 1840; x_wconf 90' lang='lat' dir='ltr'>p.</span> <span class='ocrx_word' id='word_1_156' title='bbox 1324 1762 1476 1846; x_wconf 69' lang='grc' dir='ltr'><em>ἴσχει</em></span> <span class='ocrx_word' id='word_1_157' title='bbox 1514 1773 1625 1826; x_wconf 88' lang='lat' dir='ltr'>etc.</span> <span class='ocrx_word' id='word_1_158' title='bbox 1703 1767 1899 1826; x_wconf 83' lang='lat' dir='ltr'>Hasce</span> <span class='ocrx_word' id='word_1_159' title='bbox 1937 1768 2098 1826; x_wconf 90' lang='lat' dir='ltr'>leves</span> <span class='ocrx_word' id='word_1_160' title='bbox 2144 1783 2266 1826; x_wconf 86' lang='lat' dir='ltr'>ma-</span> 
     </span>
     <span class='ocr_line' id='line_1_19' title="bbox 268 1843 2265 1917; baseline 0.001 -15"><span class='ocrx_word' id='word_1_161' title='bbox 268 1845 446 1915; x_wconf 80' lang='lat' dir='ltr'>culaS,</span> <span class='ocrx_word' id='word_1_162' title='bbox 487 1843 679 1916; x_wconf 89' lang='lat' dir='ltr'>credo,</span> <span class='ocrx_word' id='word_1_163' title='bbox 720 1843 978 1916; x_wconf 84' lang='lat' dir='ltr'>abstergi</span> <span class='ocrx_word' id='word_1_164' title='bbox 1004 1843 1213 1901; x_wconf 90' lang='lat' dir='ltr'>sinunt.</span> <span class='ocrx_word' id='word_1_165' title='bbox 1254 1843 1502 1903; x_wconf 90' lang='lat' dir='ltr'>Utemur</span> <span class='ocrx_word' id='word_1_166' title='bbox 1526 1859 1667 1916; x_wconf 88' lang='lat' dir='ltr'>ergo</span> <span class='ocrx_word' id='word_1_167' title='bbox 1693 1844 1995 1917; x_wconf 88' lang='lat' dir='ltr'>permissu,</span> <span class='ocrx_word' id='word_1_168' title='bbox 2035 1843 2265 1916; x_wconf 85' lang='lat' dir='ltr'>quando</span> 
     </span>
     <span class='ocr_line' id='line_1_20' title="bbox 267 1920 2264 1993; baseline 0.001 -14"><span class='ocrx_word' id='word_1_169' title='bbox 267 1922 480 1979; x_wconf 91' lang='lat' dir='ltr'>similia</span> <span class='ocrx_word' id='word_1_170' title='bbox 519 1936 582 1978; x_wconf 87' lang='lat' dir='ltr'>se</span> <span class='ocrx_word' id='word_1_171' title='bbox 620 1921 739 1978; x_wconf 91' lang='lat' dir='ltr'>leni</span> <span class='ocrx_word' id='word_1_172' title='bbox 778 1921 1119 1979; x_wconf 88' lang='lat' dir='ltr'>correctioni</span> <span class='ocrx_word' id='word_1_173' title='bbox 1146 1920 1406 1993; x_wconf 87' lang='lat' dir='ltr'>offerent,</span> <span class='ocrx_word' id='word_1_174' title='bbox 1443 1921 1584 1979; x_wconf 87' lang='lat' dir='ltr'>licet</span> <span class='ocrx_word' id='word_1_175' title='bbox 1604 1921 1823 1992; x_wconf 86' lang='lat' dir='ltr'>aliquot</span> <span class='ocrx_word' id='word_1_176' title='bbox 1843 1921 2091 1979; x_wconf 89' lang='lat' dir='ltr'>saeculis</span> <span class='ocrx_word' id='word_1_177' title='bbox 2117 1921 2264 1980; x_wconf 89' lang='lat' dir='ltr'>anti-</span> 
     </span>
     <span class='ocr_line' id='line_1_21' title="bbox 271 1994 2266 2070; baseline 0 -13"><span class='ocrx_word' id='word_1_178' title='bbox 271 1999 492 2070; x_wconf 88' lang='lat' dir='ltr'>quiora.</span> <span class='ocrx_word' id='word_1_179' title='bbox 574 1995 725 2070; x_wconf 82' lang='lat' dir='ltr'>Quid</span> <span class='ocrx_word' id='word_1_180' title='bbox 775 2003 969 2056; x_wconf 88' lang='lat' dir='ltr'>autem</span> <span class='ocrx_word' id='word_1_181' title='bbox 1009 2014 1081 2056; x_wconf 89' lang='lat' dir='ltr'>ea</span> <span class='ocrx_word' id='word_1_182' title='bbox 1120 1996 1334 2070; x_wconf 85' lang='lat' dir='ltr'>dicam,</span> <span class='ocrx_word' id='word_1_183' title='bbox 1384 2014 1535 2070; x_wconf 91' lang='lat' dir='ltr'>quae</span> <span class='ocrx_word' id='word_1_184' title='bbox 1574 1994 2069 2055; x_wconf 71' lang='grc' dir='ltr'><em>Μουσοπνευστᾶιν</em></span> <span class='ocrx_word' id='word_1_185' title='bbox 2108 1999 2266 2057; x_wconf 89' lang='lat' dir='ltr'>illam</span> 
     </span>
     <span class='ocr_line' id='line_1_22' title="bbox 270 2072 2264 2149; baseline -0.002 -11"><span class='ocrx_word' id='word_1_186' title='bbox 270 2072 575 2138; x_wconf 86' lang='lat' dir='ltr'>manifeste</span> <span class='ocrx_word' id='word_1_187' title='bbox 625 2074 878 2148; x_wconf 80' lang='lat' dir='ltr'>produnt</span> <span class='ocrx_word' id='word_1_188' title='bbox 933 2075 1184 2133; x_wconf 90' lang='lat' dir='ltr'>humana</span> <span class='ocrx_word' id='word_1_189' title='bbox 1222 2075 1580 2149; x_wconf 84' lang='lat' dir='ltr'>negligentia</span> <span class='ocrx_word' id='word_1_190' title='bbox 1619 2081 1679 2133; x_wconf 91' lang='lat' dir='ltr'>et</span> <span class='ocrx_word' id='word_1_191' title='bbox 1718 2076 1948 2134; x_wconf 87' lang='lat' dir='ltr'>inscitia</span> <span class='ocrx_word' id='word_1_192' title='bbox 1985 2075 2264 2147; x_wconf 88' lang='lat' dir='ltr'>vitiatam,</span> 
     </span>
     <span class='ocr_line' id='line_1_23' title="bbox 269 2151 2265 2225; baseline -0.001 -15"><span class='ocrx_word' id='word_1_193' title='bbox 269 2151 643 2210; x_wconf 87' lang='lat' dir='ltr'>barbarismis</span> <span class='ocrx_word' id='word_1_194' title='bbox 684 2157 744 2210; x_wconf 92' lang='lat' dir='ltr'>et</span> <span class='ocrx_word' id='word_1_195' title='bbox 782 2151 1153 2224; x_wconf 79' lang='lat' dir='ltr'>soloecismiS,</span> <span class='ocrx_word' id='word_1_196' title='bbox 1192 2152 1378 2224; x_wconf 91' lang='lat' dir='ltr'>iisque</span> <span class='ocrx_word' id='word_1_197' title='bbox 1406 2151 1912 2225; x_wconf 84' lang='lat' dir='ltr'>depravationibus</span> <span class='ocrx_word' id='word_1_198' title='bbox 1939 2153 2265 2211; x_wconf 88' lang='lat' dir='ltr'>sententiae</span> 
     </span>
     <span class='ocr_line' id='line_1_24' title="bbox 271 2228 2341 2302; baseline 0.002 -15"><span class='ocrx_word' id='word_1_199' title='bbox 271 2235 331 2287; x_wconf 89' lang='lat' dir='ltr'>et</span> <span class='ocrx_word' id='word_1_200' title='bbox 368 2228 666 2298; x_wconf 89' lang='lat' dir='ltr'>orationis,</span> <span class='ocrx_word' id='word_1_201' title='bbox 707 2245 849 2300; x_wconf 88' lang='lat' dir='ltr'>quas</span> <span class='ocrx_word' id='word_1_202' title='bbox 890 2244 1057 2288; x_wconf 89' lang='lat' dir='ltr'>nemo</span> <span class='ocrx_word' id='word_1_203' title='bbox 1097 2229 1157 2285; x_wconf 90' lang='lat' dir='ltr'>in</span> <span class='ocrx_word' id='word_1_204' title='bbox 1196 2229 1318 2289; x_wconf 88' lang='lat' dir='ltr'>ullo</span> <span class='ocrx_word' id='word_1_205' title='bbox 1345 2230 1648 2302; x_wconf 87' lang='lat' dir='ltr'>scriptore,</span> <span class='ocrx_word' id='word_1_206' title='bbox 1688 2228 1901 2286; x_wconf 89' lang='lat' dir='ltr'>nedum</span> <span class='ocrx_word' id='word_1_207' title='bbox 1926 2229 1987 2286; x_wconf 91' lang='lat' dir='ltr'>in</span> <span class='ocrx_word' id='word_1_208' title='bbox 2011 2229 2122 2289; x_wconf 91' lang='lat' dir='ltr'>hoc</span> <span class='ocrx_word' id='word_1_209' title='bbox 2147 2244 2266 2288; x_wconf 89' lang='lat' dir='ltr'>om-</span> <span class='ocrx_word' id='word_1_210' title='bbox 2288 2252 2341 2292; x_wconf 75' lang='lat' dir='ltr'>ss</span> 
     </span>
     <span class='ocr_line' id='line_1_25' title="bbox 268 2303 2265 2379; baseline 0 -16"><span class='ocrx_word' id='word_1_211' title='bbox 268 2307 426 2363; x_wconf 88' lang='lat' dir='ltr'>nium</span> <span class='ocrx_word' id='word_1_212' title='bbox 473 2306 733 2379; x_wconf 89' lang='lat' dir='ltr'>principe</span> <span class='ocrx_word' id='word_1_213' title='bbox 748 2349 764 2377; x_wconf 93' lang='lat'>,</span> <span class='ocrx_word' id='word_1_214' title='bbox 830 2321 1016 2377; x_wconf 89' lang='lat' dir='ltr'>aequo</span> <span class='ocrx_word' id='word_1_215' title='bbox 1068 2306 1257 2365; x_wconf 87' lang='lat' dir='ltr'>animo</span> <span class='ocrx_word' id='word_1_216' title='bbox 1309 2303 1501 2365; x_wconf 63' lang='lat' dir='ltr'>ferat?</span> <span class='ocrx_word' id='word_1_217' title='bbox 1579 2305 1767 2363; x_wconf 91' lang='lat' dir='ltr'>Huius</span> <span class='ocrx_word' id='word_1_218' title='bbox 1818 2320 2046 2377; x_wconf 92' lang='lat' dir='ltr'>quoque</span> <span class='ocrx_word' id='word_1_219' title='bbox 2092 2310 2265 2365; x_wconf 83' lang='lat' dir='ltr'>notae</span> 
     </span>
     <span class='ocr_line' id='line_1_26' title="bbox 269 2381 2267 2456; baseline -0.001 -15"><span class='ocrx_word' id='word_1_220' title='bbox 269 2399 458 2456; x_wconf 89' lang='lat' dir='ltr'>pauca</span> <span class='ocrx_word' id='word_1_221' title='bbox 497 2382 814 2454; x_wconf 90' lang='lat' dir='ltr'>subiiciam‚</span> <span class='ocrx_word' id='word_1_222' title='bbox 856 2388 917 2440; x_wconf 91' lang='lat' dir='ltr'>et</span> <span class='ocrx_word' id='word_1_223' title='bbox 956 2382 1099 2440; x_wconf 89' lang='lat' dir='ltr'>talia</span> <span class='ocrx_word' id='word_1_224' title='bbox 1135 2383 1400 2455; x_wconf 86' lang='lat' dir='ltr'>maxime,</span> <span class='ocrx_word' id='word_1_225' title='bbox 1442 2387 1591 2454; x_wconf 90' lang='lat' dir='ltr'>quae</span> <span class='ocrx_word' id='word_1_226' title='bbox 1620 2382 1828 2454; x_wconf 86' lang='lat' dir='ltr'>exiguo</span> <span class='ocrx_word' id='word_1_227' title='bbox 1858 2381 2034 2440; x_wconf 90' lang='lat' dir='ltr'>ductu</span> <span class='ocrx_word' id='word_1_228' title='bbox 2060 2382 2267 2440; x_wconf 88' lang='lat' dir='ltr'>calami</span> 
     </span>
     <span class='ocr_line' id='line_1_27' title="bbox 269 2457 2267 2532; baseline -0.001 -14"><span class='ocrx_word' id='word_1_229' title='bbox 269 2459 346 2518; x_wconf 89' lang='lat' dir='ltr'>ad</span> <span class='ocrx_word' id='word_1_230' title='bbox 386 2459 872 2532; x_wconf 88' lang='lat' dir='ltr'>praestantiorum</span> <span class='ocrx_word' id='word_1_231' title='bbox 921 2459 1198 2518; x_wconf 91' lang='lat' dir='ltr'>librorum</span> <span class='ocrx_word' id='word_1_232' title='bbox 1246 2465 1448 2517; x_wconf 89' lang='lat' dir='ltr'>nutum</span> <span class='ocrx_word' id='word_1_233' title='bbox 1498 2457 1705 2531; x_wconf 88' lang='lat' dir='ltr'>refingi</span> <span class='ocrx_word' id='word_1_234' title='bbox 1754 2464 2043 2531; x_wconf 87' lang='lat' dir='ltr'>poterant.</span> <span class='ocrx_word' id='word_1_235' title='bbox 2116 2459 2267 2517; x_wconf 84' lang='lat' dir='ltr'>Nam</span> 
     </span>
     <span class='ocr_line' id='line_1_28' title="bbox 269 2534 2266 2614; baseline 0 -21"><span class='ocrx_word' id='word_1_236' title='bbox 269 2555 317 2593; x_wconf 87' lang='grc' dir='ltr'>ε.</span> <span class='ocrx_word' id='word_1_237' title='bbox 349 2543 484 2595; x_wconf 86' lang='grc'><strong>416.·</strong></span> <span class='ocrx_word' id='word_1_238' title='bbox 524 2534 673 2614; x_wconf 79' lang='grc' dir='ltr'>ῖχῶρ</span> <span class='ocrx_word' id='word_1_239' title='bbox 714 2536 944 2594; x_wconf 89' lang='lat' dir='ltr'>abiecta</span> <span class='ocrx_word' id='word_1_240' title='bbox 981 2551 1099 2593; x_wconf 88' lang='lat' dir='ltr'>una</span> <span class='ocrx_word' id='word_1_241' title='bbox 1136 2536 1335 2594; x_wconf 89' lang='lat' dir='ltr'>littera</span> <span class='ocrx_word' id='word_1_242' title='bbox 1361 2536 1609 2609; x_wconf 90' lang='lat' dir='ltr'>praebet</span> <span class='ocrx_word' id='word_1_243' title='bbox 1633 2535 1992 2593; x_wconf 88' lang='lat' dir='ltr'>verissimam</span> <span class='ocrx_word' id='word_1_244' title='bbox 2020 2536 2266 2608; x_wconf 89' lang='lat' dir='ltr'>scriptu-</span> 
     </span>
     <span class='ocr_line' id='line_1_29' title="bbox 268 2611 2266 2691; baseline -0.001 -21"><span class='ocrx_word' id='word_1_245' title='bbox 268 2630 394 2671; x_wconf 90' lang='lat' dir='ltr'>ram</span> <span class='ocrx_word' id='word_1_246' title='bbox 423 2611 554 2691; x_wconf 73' lang='grc' dir='ltr'>ἰχῶ,</span> <span class='ocrx_word' id='word_1_247' title='bbox 581 2629 752 2684; x_wconf 89' lang='lat' dir='ltr'>quam</span> <span class='ocrx_word' id='word_1_248' title='bbox 777 2612 1046 2671; x_wconf 88' lang='lat' dir='ltr'>Eustath.</span> <span class='ocrx_word' id='word_1_249' title='bbox 1076 2612 1411 2671; x_wconf 88' lang='lat' dir='ltr'>doctissimo</span> <span class='ocrx_word' id='word_1_250' title='bbox 1439 2614 1645 2684; x_wconf 88' lang='lat' dir='ltr'>cuique</span> <span class='ocrx_word' id='word_1_251' title='bbox 1672 2612 1808 2671; x_wconf 90' lang='lat' dir='ltr'>olim</span> <span class='ocrx_word' id='word_1_252' title='bbox 1832 2612 2121 2684; x_wconf 89' lang='lat' dir='ltr'>placuisse</span> <span class='ocrx_word' id='word_1_253' title='bbox 2147 2617 2266 2670; x_wconf 86' lang='lat' dir='ltr'>tra-</span> 
     </span>
     <span class='ocr_line' id='line_1_30' title="bbox 268 2686 2267 2765; baseline -0.001 -17"><span class='ocrx_word' id='word_1_254' title='bbox 268 2690 375 2761; x_wconf 93' lang='lat' dir='ltr'>dit,</span> <span class='ocrx_word' id='word_1_255' title='bbox 417 2689 494 2747; x_wconf 89' lang='lat' dir='ltr'>ad</span> <span class='ocrx_word' id='word_1_256' title='bbox 532 2688 764 2748; x_wconf 89' lang='lat' dir='ltr'>modum</span> <span class='ocrx_word' id='word_1_257' title='bbox 802 2686 1132 2762; x_wconf 85' lang='lat' dir='ltr'>formarum,</span> <span class='ocrx_word' id='word_1_258' title='bbox 1184 2687 1347 2765; x_wconf 81' lang='grc' dir='ltr'><strong><em>ἱὸρῶ,</em></strong></span> <span class='ocrx_word' id='word_1_259' title='bbox 1398 2689 1595 2746; x_wconf 84' lang='grc' dir='ltr'>κυκεῶ</span> <span class='ocrx_word' id='word_1_260' title='bbox 1635 2694 1696 2746; x_wconf 92' lang='lat' dir='ltr'>et</span> <span class='ocrx_word' id='word_1_261' title='bbox 1734 2689 2020 2749; x_wconf 90' lang='lat' dir='ltr'>similium.</span> <span class='ocrx_word' id='word_1_262' title='bbox 2098 2688 2267 2747; x_wconf 88' lang='lat' dir='ltr'>Illam</span> 
     </span>
     <span class='ocr_line' id='line_1_31' title="bbox 269 2763 2263 2839; baseline -0.001 -14"><span class='ocrx_word' id='word_1_263' title='bbox 269 2766 424 2825; x_wconf 90' lang='lat' dir='ltr'>enim</span> <span class='ocrx_word' id='word_1_264' title='bbox 462 2767 757 2838; x_wconf 90' lang='lat' dir='ltr'>vulgatam</span> <span class='ocrx_word' id='word_1_265' title='bbox 782 2766 995 2824; x_wconf 89' lang='lat' dir='ltr'>nemini</span> <span class='ocrx_word' id='word_1_266' title='bbox 1019 2782 1271 2837; x_wconf 89' lang='lat' dir='ltr'>unquam</span> <span class='ocrx_word' id='word_1_267' title='bbox 1296 2772 1504 2825; x_wconf 88' lang='lat' dir='ltr'>neutro</span> <span class='ocrx_word' id='word_1_268' title='bbox 1534 2781 1748 2839; x_wconf 84' lang='lat' dir='ltr'>genere</span> <span class='ocrx_word' id='word_1_269' title='bbox 1769 2763 2088 2824; x_wconf 89' lang='lat' dir='ltr'>adhibitam</span> <span class='ocrx_word' id='word_1_270' title='bbox 2116 2780 2263 2837; x_wconf 86' lang='lat' dir='ltr'>esse,</span> 
     </span>
     <span class='ocr_line' id='line_1_32' title="bbox 269 2840 2266 2914; baseline -0.002 -12"><span class='ocrx_word' id='word_1_271' title='bbox 269 2849 517 2902; x_wconf 89' lang='lat' dir='ltr'>centena</span> <span class='ocrx_word' id='word_1_272' title='bbox 565 2843 692 2902; x_wconf 90' lang='lat' dir='ltr'>loca</span> <span class='ocrx_word' id='word_1_273' title='bbox 731 2841 1083 2902; x_wconf 90' lang='lat' dir='ltr'>medicorum</span> <span class='ocrx_word' id='word_1_274' title='bbox 1125 2842 1362 2914; x_wconf 89' lang='lat' dir='ltr'>docent;</span> <span class='ocrx_word' id='word_1_275' title='bbox 1429 2858 1619 2914; x_wconf 92' lang='lat' dir='ltr'>neque</span> <span class='ocrx_word' id='word_1_276' title='bbox 1657 2840 1719 2899; x_wconf 90' lang='lat' dir='ltr'>id</span> <span class='ocrx_word' id='word_1_277' title='bbox 1759 2841 2064 2901; x_wconf 91' lang='lat' dir='ltr'>voluerunt</span> <span class='ocrx_word' id='word_1_278' title='bbox 2099 2842 2161 2914; x_wconf 90' lang='lat' dir='ltr'>ii,</span> <span class='ocrx_word' id='word_1_279' title='bbox 2226 2857 2266 2899; x_wconf 83' lang='lat' dir='ltr'>a</span> 
     </span>
     <span class='ocr_line' id='line_1_33' title="bbox 265 2918 2264 2993; baseline 0 -16"><span class='ocrx_word' id='word_1_280' title='bbox 265 2920 473 2991; x_wconf 89' lang='lat' dir='ltr'>quibus</span> <span class='ocrx_word' id='word_1_281' title='bbox 513 2936 643 2980; x_wconf 88' lang='lat' dir='ltr'>eam</span> <span class='ocrx_word' id='word_1_282' title='bbox 681 2920 1024 2993; x_wconf 77' lang='lat' dir='ltr'>accepimuS,</span> <span class='ocrx_word' id='word_1_283' title='bbox 1079 2919 1155 2978; x_wconf 91' lang='lat' dir='ltr'>ad</span> <span class='ocrx_word' id='word_1_284' title='bbox 1195 2936 1437 2992; x_wconf 92' lang='lat' dir='ltr'>quorum</span> <span class='ocrx_word' id='word_1_285' title='bbox 1474 2925 1726 2978; x_wconf 91' lang='lat' dir='ltr'>mentem</span> <span class='ocrx_word' id='word_1_286' title='bbox 1764 2918 1965 2989; x_wconf 90' lang='lat' dir='ltr'>utique</span> <span class='ocrx_word' id='word_1_287' title='bbox 2003 2924 2264 2991; x_wconf 88' lang='lat' dir='ltr'>apostro-</span> 
     </span>
     <span class='ocr_line' id='line_1_34' title="bbox 269 2994 2263 3070; baseline -0.001 -16"><span class='ocrx_word' id='word_1_288' title='bbox 269 2997 420 3070; x_wconf 91' lang='lat' dir='ltr'>phus</span> <span class='ocrx_word' id='word_1_289' title='bbox 448 2996 747 3054; x_wconf 84' lang='lat' dir='ltr'>addendus</span> <span class='ocrx_word' id='word_1_290' title='bbox 774 2994 981 3055; x_wconf 88' lang='lat' dir='ltr'>fuerat.</span> <span class='ocrx_word' id='word_1_291' title='bbox 1024 2996 1141 3056; x_wconf 87' lang='lat' dir='ltr'>Sed</span> <span class='ocrx_word' id='word_1_292' title='bbox 1166 2997 1276 3056; x_wconf 88' lang='lat' dir='ltr'>hoc</span> <span class='ocrx_word' id='word_1_293' title='bbox 1303 2998 1505 3054; x_wconf 91' lang='lat' dir='ltr'>vitium</span> <span class='ocrx_word' id='word_1_294' title='bbox 1529 2997 1647 3054; x_wconf 91' lang='lat' dir='ltr'>iam</span> <span class='ocrx_word' id='word_1_295' title='bbox 1670 2996 1986 3053; x_wconf 90' lang='lat' dir='ltr'>Barnesius</span> <span class='ocrx_word' id='word_1_296' title='bbox 2012 2995 2263 3053; x_wconf 82' lang='lat' dir='ltr'>sustulit.</span> 
     </span>
     <span class='ocr_line' id='line_1_35' title="bbox 265 3069 2266 3143; baseline -0 -12"><span class='ocrx_word' id='word_1_297' title='bbox 265 3075 335 3131; x_wconf 89' lang='lat' dir='ltr'>In</span> <span class='ocrx_word' id='word_1_298' title='bbox 374 3072 578 3132; x_wconf 89' lang='lat' dir='ltr'>eodem</span> <span class='ocrx_word' id='word_1_299' title='bbox 616 3073 765 3132; x_wconf 92' lang='lat' dir='ltr'>libro</span> <span class='ocrx_word' id='word_1_300' title='bbox 801 3090 853 3131; x_wconf 91' lang='lat' dir='ltr'>v.</span> <span class='ocrx_word' id='word_1_301' title='bbox 884 3080 1014 3133; x_wconf 83' lang='lat'>394.</span> <span class='ocrx_word' id='word_1_302' title='bbox 1054 3072 1210 3131; x_wconf 90' lang='lat' dir='ltr'>idem</span> <span class='ocrx_word' id='word_1_303' title='bbox 1238 3089 1312 3131; x_wconf 81' lang='lat' dir='ltr'>ex</span> <span class='ocrx_word' id='word_1_304' title='bbox 1336 3073 1503 3133; x_wconf 88' lang='lat' dir='ltr'>codd.</span> <span class='ocrx_word' id='word_1_305' title='bbox 1545 3072 1665 3130; x_wconf 88' lang='lat' dir='ltr'>suis</span> <span class='ocrx_word' id='word_1_306' title='bbox 1693 3072 1986 3143; x_wconf 88' lang='lat' dir='ltr'>corrigere</span> <span class='ocrx_word' id='word_1_307' title='bbox 2014 3069 2266 3130; x_wconf 89' lang='lat' dir='ltr'>debebat</span> 
     </span>
     <span class='ocr_line' id='line_1_36' title="bbox 264 3147 2265 3223; baseline -0.001 -16"><span class='ocrx_word' id='word_1_308' title='bbox 264 3151 523 3222; x_wconf 88' lang='lat' dir='ltr'>ineptum</span> <span class='ocrx_word' id='word_1_309' title='bbox 545 3167 662 3208; x_wconf 86' lang='grc' dir='ltr'>κεν.</span> <span class='ocrx_word' id='word_1_310' title='bbox 706 3150 832 3222; x_wconf 80' lang='lat' dir='ltr'>Quo</span> <span class='ocrx_word' id='word_1_311' title='bbox 853 3148 1103 3209; x_wconf 88' lang='lat' dir='ltr'>admisso</span> <span class='ocrx_word' id='word_1_312' title='bbox 1131 3152 1423 3210; x_wconf 86' lang='lat' dir='ltr'>sententia</span> <span class='ocrx_word' id='word_1_313' title='bbox 1441 3164 1620 3223; x_wconf 91' lang='lat' dir='ltr'>prave</span> <span class='ocrx_word' id='word_1_314' title='bbox 1636 3148 1897 3206; x_wconf 89' lang='lat' dir='ltr'>imitatur</span> <span class='ocrx_word' id='word_1_315' title='bbox 1920 3147 2265 3220; x_wconf 79' lang='lat' dir='ltr'>hypothesin</span> 
     </span>
     <span class='ocr_line' id='line_1_37' title="bbox 272 3224 2266 3299; baseline -0.002 -15"><span class='ocrx_word' id='word_1_316' title='bbox 272 3242 473 3284; x_wconf 88' lang='lat' dir='ltr'>versus</span> <span class='ocrx_word' id='word_1_317' title='bbox 517 3233 647 3299; x_wconf 85' lang='lat'>388,</span> <span class='ocrx_word' id='word_1_318' title='bbox 707 3243 881 3298; x_wconf 91' lang='lat' dir='ltr'>quum</span> <span class='ocrx_word' id='word_1_319' title='bbox 937 3228 1132 3299; x_wconf 87' lang='lat' dir='ltr'>potius</span> <span class='ocrx_word' id='word_1_320' title='bbox 1195 3227 1452 3285; x_wconf 90' lang='lat' dir='ltr'>eiusdem</span> <span class='ocrx_word' id='word_1_321' title='bbox 1512 3225 1742 3299; x_wconf 88' lang='lat' dir='ltr'>generis</span> <span class='ocrx_word' id='word_1_322' title='bbox 1781 3224 1860 3282; x_wconf 91' lang='lat' dir='ltr'>sit</span> <span class='ocrx_word' id='word_1_323' title='bbox 1898 3240 1967 3282; x_wconf 87' lang='lat' dir='ltr'>ac</span> <span class='ocrx_word' id='word_1_324' title='bbox 2004 3224 2266 3296; x_wconf 82' lang='lat' dir='ltr'>proxima</span> 
     </span>
     <span class='ocr_line' id='line_1_38' title="bbox 266 3296 2267 3381; baseline -0.003 -20"><span class='ocrx_word' id='word_1_325' title='bbox 266 3320 319 3361; x_wconf 87' lang='lat' dir='ltr'>v.</span> <span class='ocrx_word' id='word_1_326' title='bbox 363 3309 495 3362; x_wconf 82' lang='lat'>395.</span> <span class='ocrx_word' id='word_1_327' title='bbox 524 3318 647 3375; x_wconf 90' lang='lat' dir='ltr'>sqq.</span> <span class='ocrx_word' id='word_1_328' title='bbox 686 3303 800 3362; x_wconf 80' lang='lat' dir='ltr'>Est</span> <span class='ocrx_word' id='word_1_329' title='bbox 839 3304 989 3361; x_wconf 85' lang='lat' dir='ltr'>enim</span> <span class='ocrx_word' id='word_1_330' title='bbox 1024 3303 1188 3375; x_wconf 84' lang='lat' dir='ltr'>haee,</span> <span class='ocrx_word' id='word_1_331' title='bbox 1229 3302 1331 3381; x_wconf 81' lang='grc' dir='ltr'>τλῆ</span> <span class='ocrx_word' id='word_1_332' title='bbox 1355 3296 1514 3381; x_wconf 81' lang='grc' dir='ltr'><strong><em>Ἥρη,</em></strong></span> <span class='ocrx_word' id='word_1_333' title='bbox 1551 3298 1651 3359; x_wconf 79' lang='grc' dir='ltr'>ὅτε</span> <span class='ocrx_word' id='word_1_334' title='bbox 1681 3320 1776 3377; x_wconf 86' lang='grc' dir='ltr'>μιν</span> <span class='ocrx_word' id='word_1_335' title='bbox 1812 3298 2101 3377; x_wconf 71' lang='grc' dir='ltr'><strong><em>κρατερὸς</em></strong></span> <span class='ocrx_word' id='word_1_336' title='bbox 2135 3301 2267 3363; x_wconf 79' lang='grc' dir='ltr'><strong><em>παῖς</em></strong></span> 
     </span>
     <span class='ocr_line' id='line_1_39' title="bbox 266 3374 2268 3470; baseline -0.002 -33"><span class='ocrx_word' id='word_1_337' title='bbox 266 3374 326 3437; x_wconf 82' lang='grc' dir='ltr'>Ἄ.</span> <span class='ocrx_word' id='word_1_338' title='bbox 369 3376 553 3458; x_wconf 76' lang='grc' dir='ltr'><em>ὀϊστῷ</em></span> <span class='ocrx_word' id='word_1_339' title='bbox 581 3376 781 3453; x_wconf 81' lang='grc' dir='ltr'><em>βαλὼν</em></span> <span class='ocrx_word' id='word_1_340' title='bbox 819 3375 1078 3470; x_wconf 71' lang='grc' dir='ltr'><em>ὀδύνῃσιν</em></span> <span class='ocrx_word' id='word_1_341' title='bbox 1118 3374 1358 3437; x_wconf 82' lang='grc' dir='ltr'><em>ἔδωκεν.</em></span> <span class='ocrx_word' id='word_1_342' title='bbox 1425 3378 1583 3437; x_wconf 88' lang='lat' dir='ltr'>Alibi</span> <span class='ocrx_word' id='word_1_343' title='bbox 1622 3383 1823 3437; x_wconf 76' lang='lat' dir='ltr'>contra</span> <span class='ocrx_word' id='word_1_344' title='bbox 1872 3377 2158 3450; x_wconf 82' lang='lat' dir='ltr'>particula</span> <span class='ocrx_word' id='word_1_345' title='bbox 2195 3394 2268 3433; x_wconf 83' lang='grc' dir='ltr'>κε</span> 
     </span>
     <span class='ocr_line' id='line_1_40' title="bbox 270 3453 2268 3530; baseline -0.002 -15"><span class='ocrx_word' id='word_1_346' title='bbox 270 3456 611 3515; x_wconf 88' lang='lat' dir='ltr'>oblitterata</span> <span class='ocrx_word' id='word_1_347' title='bbox 650 3461 1135 3516; x_wconf 75' lang='lat' dir='ltr'>constructionem</span> <span class='ocrx_word' id='word_1_348' title='bbox 1172 3461 1532 3529; x_wconf 86' lang='lat' dir='ltr'>corruperat,</span> <span class='ocrx_word' id='word_1_349' title='bbox 1573 3460 1639 3512; x_wconf 92' lang='lat' dir='ltr'>ut</span> <span class='ocrx_word' id='word_1_350' title='bbox 1669 3473 1730 3530; x_wconf 85' lang='grc' dir='ltr'>ρ.</span> <span class='ocrx_word' id='word_1_351' title='bbox 1773 3460 1904 3513; x_wconf 83' lang='lat'>629.</span> <span class='ocrx_word' id='word_1_352' title='bbox 1959 3453 2154 3512; x_wconf 87' lang='lat' dir='ltr'>Simile</span> <span class='ocrx_word' id='word_1_353' title='bbox 2194 3467 2268 3512; x_wconf 88' lang='lat' dir='ltr'>ex</span> 
     </span>
     <span class='ocr_line' id='line_1_41' title="bbox 268 3528 2268 3603; baseline -0.002 -12"><span class='ocrx_word' id='word_1_354' title='bbox 268 3549 385 3591; x_wconf 89' lang='lat' dir='ltr'>una</span> <span class='ocrx_word' id='word_1_355' title='bbox 424 3533 686 3592; x_wconf 89' lang='lat' dir='ltr'>litterula</span> <span class='ocrx_word' id='word_1_356' title='bbox 724 3532 928 3591; x_wconf 88' lang='lat' dir='ltr'>vitium</span> <span class='ocrx_word' id='word_1_357' title='bbox 969 3538 1061 3591; x_wconf 87' lang='lat' dir='ltr'>est</span> <span class='ocrx_word' id='word_1_358' title='bbox 1100 3531 1149 3599; x_wconf 83' lang='grc' dir='ltr'>ζ.</span> <span class='ocrx_word' id='word_1_359' title='bbox 1178 3539 1322 3591; x_wconf 87' lang='lat' dir='ltr'>extr.</span> <span class='ocrx_word' id='word_1_360' title='bbox 1362 3528 1697 3603; x_wconf 81' lang='grc' dir='ltr'><em>ἐλάσαντες,</em></span> <span class='ocrx_word' id='word_1_361' title='bbox 1736 3531 2088 3590; x_wconf 88' lang='lat' dir='ltr'>nominativo</span> <span class='ocrx_word' id='word_1_362' title='bbox 2125 3529 2268 3587; x_wconf 90' lang='lat' dir='ltr'>nihil</span> 
     </span>
    </p>
   </div>
  </div>
 </body>
</html>
