2734 4000
1158 188 1519 240 ...21-

334 336 493 408 quod
532 336 704 408 vulgo
742 333 807 393 fit
835 336 1195 409 saepissime,
1235 341 1299 393 ut
1325 337 1738 407 consequentia
1772 336 2073 395 modorum
2112 344 2340 410 pertur-

335 413 512 471 betur
550 414 610 471 in
647 414 914 471 iunctura
954 412 1281 489 aequalium
1321 412 1725 484 membrorum,
1777 413 1868 470 vel
1909 420 1974 470 ut
2013 416 2338 486 particulae

334 487 405 546 ἄν
445 507 490 547 s.
535 508 606 546 κε
647 489 898 548 addatur
934 489 1278 547 indicativus
1319 490 1561 547 instanti
1599 495 1882 562 tempore,
1921 506 2089 549 nemo
2116 493 2228 549 nisi
2254 493 2336 550 in-

334 567 543 625 doctus
584 574 969 641 propagatum
1007 567 1173 638 velit,
1229 566 1578 640 praesertim
1617 566 1677 623 in
1702 569 1897 638 tanta,
1951 582 2101 639 quae
2139 568 2335 628 multis

331 661 438 717 pro
478 645 705 703 ratione
746 650 852 715 est,
891 642 1153 703 mutandi
1190 640 1489 702 facilitate.

1170 912 1175 915 -
1267 856 1404 930 XI.

481 1030 675 1102 Atque
740 1030 886 1088 haec
946 1045 1019 1088 ex
1075 1045 1284 1101 magno
1324 1044 1563 1087 numero
1603 1045 1717 1088 non
1755 1028 2013 1087 studiose
2056 1037 2331 1103 excerpta

327 1109 644 1180 specimina
682 1107 938 1179 vulgaris
978 1111 1171 1163 textus
1213 1105 1524 1177 emendati,
1576 1111 1634 1163 et
1674 1121 1823 1176 quae
1863 1122 1976 1164 non
2015 1106 2327 1180 ingenium,

326 1185 432 1243 sed
472 1185 739 1243 meliores
787 1184 922 1242 libri
962 1183 1381 1255 suggerebant,
1438 1183 1616 1239 cuivis
1667 1181 2090 1254 persuadeant,
2135 1186 2327 1256 purio-

319 1261 484 1319 ribus
523 1260 775 1321 fontibus
816 1261 1097 1319 adeundis
1137 1276 1334 1317 veram
1360 1257 1601 1317 formam
1629 1258 1973 1318 Homericae
2002 1262 2327 1333 scripturae

327 1340 589 1398 revocari
637 1338 925 1410 hodieque
978 1353 1169 1410 posse.
1256 1336 1463 1406 Neque
1524 1336 1673 1394 hanc
1723 1350 1883 1409 spem
1937 1338 2110 1410 eripit
2159 1338 2324 1397 nobis

323 1416 639 1488 longinqua
676 1417 823 1473 vatis
863 1420 1141 1473 vetustas.
1218 1413 1373 1471 Nam
1411 1410 1562 1470 falsa
1603 1419 1694 1471 est
1733 1429 1931 1472 eorum
1971 1415 2182 1487 opinio,
2225 1418 2323 1487 qui

325 1492 451 1550 sola
497 1493 921 1564 longinquitate
980 1491 1257 1564 temporis
1318 1490 1413 1547 vel
1468 1491 1771 1548 universae
1820 1491 2099 1549 historiae
2153 1490 2323 1550 fidem

318 1567 572 1641 infringi,
622 1568 715 1626 vel
753 1571 1098 1642 scriptorum
1136 1568 1427 1639 corrumpi
1466 1568 1883 1639 integritatem,
1936 1572 2013 1639 et,
2053 1574 2119 1625 ut
2159 1569 2321 1639 quid-

320 1662 431 1716 que
470 1647 777 1704 novissime
819 1652 1046 1718 gestum
1085 1647 1162 1703 sit
1201 1651 1303 1702 aut
1341 1646 1637 1717 scriptum,
1678 1644 1763 1702 ita
1801 1645 2161 1702 verissimum
2200 1662 2320 1703 ma-

274 1775 289 1782 -
319 1723 587 1794 ximeque
639 1724 948 1793 genuinum
997 1722 1326 1781 habendum
1364 1727 1588 1794 putant,
1666 1720 1757 1778 De
1797 1721 1971 1779 rebus
2013 1722 2195 1792 gestis
2236 1721 2320 1780 di-

322 1815 454 1857 cere
507 1801 739 1859 omitt0:
791 1805 1020 1873 tempus
1071 1816 1142 1857 ac
1194 1800 1318 1857 dies
1373 1800 1589 1872 optime
1641 1796 1888 1856 dedocet
1938 1797 2203 1856 credulos
2244 1799 2317 1858 de
2345 1816 2393 1855 as

290 1876 393 1932 .iis
464 1878 640 1949 ipsiS,
710 1893 858 1948 quae
936 1877 1350 1950 propemodum
1411 1876 1530 1934 suis
1590 1875 1769 1934 oculis
1838 1875 1962 1946 geri
2027 1875 2315 1934 viderunt.

322 1952 550 2027 Scripta
602 1958 796 2013 autem
849 1970 1022 2027 quum
1072 1954 1216 2013 nihil
1268 1953 1394 2011 vitii
1442 1952 1704 2023 trahant,
1758 1951 1885 2011 loco
1938 1969 1973 2010 a
2014 1951 2213 2011 blattis
2256 1960 2392 2011 et

317 2031 488 2088 tineis
528 2037 655 2091 tuto
698 2033 931 2091 condita
979 2034 1037 2089 in
1079 2032 1332 2102 scriniis;
1387 2030 1527 2102 quid
1568 2030 1790 2100 o'bstat,
1841 2046 1934 2101 ne,
1975 2031 2026 2086 si
2067 2030 2312 2101 diligens

320 2113 379 2164 et
416 2124 531 2168 non
568 2111 736 2168 nimis
776 2108 1047 2181 frequens
1090 2108 1405 2180 descriptio
1446 2107 1821 2177 adhibeatur,
1873 2107 2048 2164 etiam
2087 2108 2311 2165 amissis

320 2187 696 2258 autographis
745 2187 1109 2258 longissimas
1163 2192 1388 2243 aetates
1444 2185 1654 2242 durent
1705 2184 1828 2241 sine
1866 2183 2083 2241 maiore
2123 2185 2311 2242 noxa?

316 2261 461 2318 Eius
500 2279 638 2322 vero
680 2265 908 2336 generis
949 2262 1308 2331 mendorum,
1348 2261 1502 2333 quod
1544 2277 1616 2318 ex
1654 2261 1859 2319 crebra
1900 2265 1960 2317 et
1985 2260 2312 2332 indiligenti

314 2337 703 2411 descriptione
745 2341 1012 2398 subnasci
1050 2340 1216 2410 solet,
1257 2338 1576 2396 remedium
1615 2344 1883 2410 paratum
1913 2337 2088 2393 estin
2109 2338 2312 2395 critica

315 2421 462 2484 arte,
504 2417 732 2476 codices
773 2418 1130 2475 diversarum
1168 2432 1440 2473 manuum
1479 2416 1631 2473 inter
1671 2431 1733 2472 se
1761 2419 2150 2485 comparante.
2194 2414 2311 2472 Sed

312 2490 498 2550 bonae
550 2493 684 2552 huic
735 2493 999 2554 fortunae
1041 2495 1386 2566 scriptorum
1425 2492 1831 2565 plerorumque
1872 2490 2122 2548 omnium
2162 2507 2308 2549 anne

311 2567 597 2628 confidere
635 2572 836 2630 licebit
870 2573 931 2629 in
969 2570 1331 2629 Homericis?

463 2645 695 2705 Licebit
733 2648 889 2707 haud
931 2648 1121 2719 dubie,
1160 2648 1273 2704 nisi
1311 2646 1457 2704 haec
1498 2645 1763 2718 proprias
1792 2644 2073 2715 quasdam
2102 2645 2309 2717 depra-

314 2723 573 2782 vationes
614 2726 907 2797 multoque
948 2726 1143 2797 plures
1187 2730 1246 2781 et
1286 2725 1583 2795 graviores
1610 2720 2035 2779 vicissitudines
2066 2728 2308 2794 experta

307 2805 458 2855 sunt.
538 2800 754 2860 Verum
794 2803 843 2859 si
882 2802 975 2859 vel
1017 2818 1087 2859 ex
1128 2818 1198 2858 ea
1236 2817 1332 2873 re,
1388 2800 1541 2872 quod
1570 2798 1897 2857 emendatio
1923 2799 2151 2856 illorum
2187 2815 2307 2856 ma-

308 2876 602 2935 turissime
653 2879 809 2952 apud
851 2878 1104 2938 Graecos
1155 2884 1294 2935 nata
1340 2884 1430 2935 cst
1471 2884 1531 2935 et
1570 2876 1895 2943 celebrata,
1944 2874 2303 2946 intelligitur,

306 2952 464 3023 ipsos
514 2955 629 3012 iam
683 2956 998 3028 antiquitus
1049 2955 1305 3013 caruisse
1361 2955 1505 3012 satis
1557 2953 1820 3025 genuinis
1863 2952 2303 3023 exemplaribuS,

307 3028 480 3101 unde,
524 3033 622 3102 qui
649 3033 879 3104 vellent,
919 3049 1067 3091 nova
1096 3032 1514 3102 exscriberent3
1555 3031 1606 3087 si
1631 3031 1853 3102 primae
1883 3030 2080 3087 statim
2106 3044 2303 3086 recen-

302 3107 512 3179 sioneS,
555 3110 696 3166 artis
724 3101 973 3167 ‘criticae
1012 3109 1263 3169 nondum
1290 3109 1481 3166 cultae
1508 3107 1939 3178 meditamenta,
1979 3105 2123 3162 mire
2150 3106 2304 3162 inter

304 3199 370 3240 se
425 3183 829 3258 discreparunt
880 3187 1140 3260 plurimis
1180 3185 1353 3244 rebus
1371 3230 1385 3257 ,
1437 3185 1844 3255 vulgatamque
1885 3182 1944 3238 in
1984 3181 2304 3239 eruditiore

303 3260 553 3319 Graecia
592 3261 1097 3323 conformationem
1135 3269 1327 3321 textus
1372 3262 1596 3320 demum
1637 3266 1771 3332 post
1795 3259 2167 3316 Aristotelem
2198 3259 2302 3315 ali-

300 3345 443 3408 quot
483 3338 856 3397 Grammatici
895 3339 1364 3408 introduxerunt3
1405 3355 1509 3397 nos
1551 3344 1745 3397 autem
1783 3352 1857 3392 ne
1882 3336 2039 3391 illius
2069 3334 2300 3405 quidem

297 3420 523 3488 textuS,
576 3432 744 3487 quem
795 3418 894 3475 diu
942 3417 1555 3487 maxime-antiquitas
1596 3414 1890 3487 probavit,
1939 3411 2300 3469 Arist-archei

2469 1958 2496 1992 ἱκ
