2734 4000
3 2779 12 2879 2--r7
1 2508 14 2742 w—-q‘
1 2369 10 2473 -Ἶ-Ἧ-
1 2276 4 2335 'fi'
1 2218 4 2255 ”“’“
1 2112 12 2171 ·“ϊ*
1 2078 4 2089 ·

357 1221 670 1306 Friderici
717 1244 965 1319 Augusti
1010 1242 1204 1306 Wolfii
1253 1243 1663 1319 prolegomena
1715 1244 1776 1303 in
1824 1243 2061 1305 Homeri
2098 1244 2340 1306 Iliadem

358 1355 566 1430 quibus
615 1357 831 1416 caussis
892 1357 1157 1418 commoti
1226 1355 1414 1417 denuo
1466 1355 1640 1416 edere
1692 1357 2151 1417 constituerimus
2165 1402 2181 1431 ‚
2228 1374 2340 1417 non

357 1474 452 1529 est
500 1468 651 1542 quod
703 1469 988 1544 copiosius
1037 1467 1405 1544 explicemus.
1494 1468 1644 1529 Nam
1694 1471 1762 1526 ut
1810 1483 1954 1541 opus
1993 1467 2137 1527 illud
2173 1484 2340 1543 prae-

354 1581 782 1655 stantissimum‚
822 1598 994 1655 quum
1033 1597 1086 1641 a.
1118 1582 1264 1641 1795
1303 1582 1549 1656 primum
1586 1581 1645 1639 in
1684 1579 1869 1640 lucem
1909 1579 2126 1640 editum
2168 1586 2340 1655 esset,

352 1692 850 1754 vehementissime
911 1694 1333 1770 philologorum
1395 1693 1590 1754 studia
1639 1693 1977 1767 commovit,
2035 1693 2122 1754 ita
2168 1693 2341 1754 hodie

354 1819 581 1879 quoque
651 1807 931 1867 communi
990 1808 1238 1868 omnium
1306 1807 1603 1868 doctorum
1652 1806 1864 1868 iudicio
1914 1807 2081 1880 quasi
2136 1806 2232 1866 lex
2280 1812 2342 1866 et

353 1932 555 1977 norma
613 1919 850 1978 criticae
899 1919 994 1978 via
1045 1935 1114 1979 ac
1163 1918 1388 1978 ratione
1427 1915 1728 1977 faciendae
1767 1915 2041 1991 habetur,
2089 1922 2156 1977 ut
2192 1932 2341 1977 nova

353 2027 488 2088 libri
538 2028 789 2091 editione
810 2075 827 2104 ‚
881 2047 1028 2104 quae
1079 2031 1331 2106 priorem
1387 2034 1658 2090 accurate
1699 2028 2113 2103 emendateque
2153 2029 2340 2105 expri-

351 2145 501 2214 mat,
560 2140 932 2216 plurimorum
984 2141 1290 2202 commodis
1341 2141 1561 2201 consuli
1599 2157 1771 2216 posse
1811 2139 2092 2200 videatur.
2171 2140 2341 2200 Eius-

350 2249 509 2309 modi
562 2251 871 2311 editionem
921 2269 1024 2312 nos
1075 2251 1381 2327 philologis
1431 2252 1718 2313 offerimus
1731 2295 1748 2323 ‚
1802 2252 1906 2313 sed
1947 2268 2072 2311 eam
2113 2259 2340 2312 auctam

352 2366 474 2420 tam
523 2362 814 2423 luculenta
861 2365 1214 2437 accessione,
1266 2370 1331 2423 ut
1369 2382 1406 2424 a
1454 2365 1589 2423 viris
1640 2364 1824 2426 doctis
1881 2363 2036 2424 haud
2076 2364 2342 2438 exiguam

355 2472 603 2544 gratiam
663 2474 861 2534 inituri
923 2490 1050 2533 esse
1122 2474 1436 2535 videamur.
1528 2475 1782 2549 Contigit
1830 2476 1980 2535 enim
2027 2475 2220 2549 nobis,
2277 2481 2343 2534 ut

357 2586 676 2661 exemplar,
728 2601 839 2658 quo
877 2586 920 2644 Ι.
965 2585 1269 2645 Bekkerus
1309 2603 1447 2646 usus
1489 2592 1578 2645 est
1625 2586 2112 2660 nancisceremur,
2179 2588 2340 2646 cuius

355 2698 602 2771 margini
664 2697 751 2756 vir
811 2697 1177 2758 doctissimus
1232 2699 1631 2759 annotationes
1698 2699 1993 2773 ascripsit,
2057 2714 2199 2772 quas
2248 2699 2343 2757 hic

355 2808 572 2883 publici
618 2809 760 2868 iuris
818 2808 1073 2869 facimus.
1152 2810 1454 2870 Pertinent
1504 2826 1609 2870 eae
1647 2811 1951 2870 maximam
2000 2815 2228 2884 partem
2267 2808 2344 2868 ad

360 2921 619 2980 criticam
679 2926 740 2980 et
802 2922 958 2982 locos
1019 2923 1519 2994 grammaticorum
1579 2927 1639 2982 et
1695 2923 2077 2996 interpretum
2137 2920 2342 2994 quibus

360 3048 432 3091 ea
496 3048 642 3105 quae
680 3031 922 3094 Wolfius
985 3034 1286 3108 proposuit
1344 3033 1436 3093 vel
1473 3031 1821 3108 probantur,
1879 3032 1973 3091 vel
2011 3047 2343 3107 oppugnan-

359 3148 470 3202 tur.
532 3143 760 3216 ·Neque
808 3159 1003 3203 omnes
1053 3142 1219 3203 simul
1278 3143 1384 3203 sed
1433 3143 1748 3204 identidem
1799 3144 2051 3217 repetita
2093 3143 2343 3203 lectione

360 3254 642 3328 ascriptas
683 3269 812 3314 esse
851 3255 1037 3329 ipsum
1065 3255 1358 3329 exemplar
1384 3254 1571 3314 docet.
1639 3253 1879 3315 Constat
1904 3259 2097 3314 autem
2120 3253 2165 3315 I.
2191 3251 2343 3312 Bek-

360 3363 563 3424 kerum
603 3381 674 3425 ex
713 3380 826 3438 quo
864 3366 1084 3426 iuvenis
1124 3366 1183 3424 in
1209 3364 1406 3427 Wolfii
1444 3365 1804 3441 disciplinam
1843 3365 2001 3425 venit
2036 3381 2143 3440 per
2181 3379 2342 3425 sexa-

361 3475 523 3548 ginta
583 3492 686 3535 sex
741 3492 920 3536 annos
970 3476 1208 3538 Homeri
1272 3477 1618 3538 carminibus
1683 3475 2053 3538 emendandis
2108 3491 2342 3551 operam
