2734 4000
1207 209 1567 262 ..96-

388 354 574 422 erant,
612 365 725 408 uno
766 349 1052 408 volumine
1090 349 1629 422 complecterentur,
1681 352 1748 405 ut
1787 341 2162 422 Καταλόγους
2200 364 2383 422 γυναι-

386 425 509 483 κῶν
548 426 639 484 vel
681 422 862 490 Ἠοίαις
892 422 1170 503 μεγάλας.
1248 425 1523 497 Idemque
1563 440 1679 483 non
1717 424 1899 482 multo
1938 429 2074 496 post
2110 422 2386 481 Pisistra-

384 503 538 561 tidas
577 501 793 561 factum
832 505 1094 576 suspicor
1131 504 1193 560 in
1219 502 1449 575 cyclicis
1492 506 1554 559 et
1590 501 1723 559 aliis
1762 500 1958 558 multis
2002 498 2384 572 carminibus,

385 595 554 652 quae,
591 578 763 639 hodie
802 580 898 638 vix
936 580 1164 638 nomine
1204 584 1382 653 nota,=
1399 594 1514 637 non
1539 577 1940 650 pervenissent
1977 575 2053 634 ad
2093 576 2386 635 saeculum

383 655 846 715 Ptolemaeorum
860 699 874 727 ‚
924 656 1035 714 nisi
1086 660 1209 714 tum
1264 655 1337 715 ab
1390 655 1635 712 interitu
1686 654 1779 712 vel
1829 653 1990 712 novis
2043 653 2386 726 corruptelis
2418 704 2429 711 .

384 739 616 791 servata
655 739 868 790 essent.

535 809 628 867 Ex
671 808 873 866 eadem
915 814 1110 867 aetate
1150 808 1401 880 denique
1442 806 1801 881 repetendae
1840 806 2111 865 videntur
2133 806 2385 879 plurium

382 902 623 959 operum
663 883 846 945 falsae
884 886 1290 959 inscriptiones
1309 929 1325 957 ,
1380 900 1583 956 quum,
1637 882 1921 956 quidquid
1962 882 2220 941 eiusdem
2259 880 2384 940 fere

381 963 508 1021 soni
547 968 609 1021 et
646 963 974 1035 argumenti
1013 969 1186 1036 esset,
1226 962 1325 1019 uni
1367 961 1593 1020 auctori
1619 960 1992 1032 tribueretur,
2030 959 2285 1018 Homero
2325 959 2385 1016 in

380 1039 581 1112 primis
622 1044 685 1098 et
720 1039 998 1113 Hesiodo,
1038 1040 1136 1111 qui
1176 1037 1403 1111 fulgore
1444 1037 1730 1096 claritatis
1770 1053 1911 1096 suae
1950 1040 2276 1095 ceterorum
2301 1035 2400 1093 lu·-

379 1115 626 1177 minibus
666 1115 997 1175 offecerant.
1066 1114 1255 1188 Quid?
1295 1114 1451 1187 quod
1488 1114 1777 1173 interdum
1808 1115 1980 1172 etiam
2009 1113 2385 1171 maximarum

380 1208 573 1250 rerum
630 1191 969 1251 diversitate
1019 1193 1163 1251 nihil
1212 1191 1554 1252 movebatur
1602 1191 1843 1262 antiqua
1883 1189 2213 1248 credulitas.
2292 1189 2387 1247 Ita

377 1268 613 1327 tandem
651 1269 984 1329 Herodotus
1022 1270 1242 1343 primus
1283 1274 1377 1328 est
1414 1272 1659 1328 conatus
1700 1267 1815 1326 duo
1858 1265 2128 1335 Carmina
2164 1264 2384 1324 familia

376 1343 689 1406 Homerica
743 1362 1099 1406 summovere
1115 1390 1131 1418 ,
1193 1345 1410 1419 Cypria
1450 1351 1512 1403 et
1547 1343 1846 1418 Epigonos
1858 1343 1933 1414 ¹⁹)
1955 1387 1971 1416 ,
2032 1342 2132 1407 alii
2171 1341 2384 1400 deinde

275 1440 352 1480 158
377 1421 634 1496 Hymnos
676 1429 738 1483 et
774 1424 908 1495 alia,
951 1422 1133 1482 donec
1171 1422 1402 1480 iudiciis
1443 1422 1842 1481 nonnullorum
1861 1418 2384 1479 Alexandrinorum

377 1500 550 1571 vulgo
600 1515 798 1559 omnes
848 1500 1276 1572 acquieverunt.
1365 1498 1458 1557 De
1507 1497 1617 1557 hoc
1668 1513 1884 1570 genere
1934 1494 2219 1568 quaedam
2266 1511 2384 1554 non

374 1577 628 1649 protrita
667 1592 1037 1651 apponerem,
1076 1577 1128 1634 si
1165 1575 1306 1634 mihi
1344 1576 1540 1648 potius
1580 1591 1669 1647 eo,
1721 1591 1834 1646 quo
1874 1573 2083 1632 invitat
2118 1572 2388 1645 materia,

375 1668 548 1724 quam
587 1669 700 1725 quo
743 1654 920 1725 ducit,
960 1654 1125 1725 sequi
1162 1652 1369 1711 liceret
1382 1650 1479 1719 ²⁰).

510 1847 583 1914 19)
617 1846 690 1916 11,
732 1848 844 1902 117.
915 1845 1161 1900 Alterum
1195 1844 1373 1899 locum
1408 1844 1719 1899 dubitanter
1752 1843 1892 1899 addo
1907 1886 1921 1913 ,
1972 1844 2078 1912 IV,
2128 1849 2239 1914 32„
2285 1846 2379 1901 ubi

372 1914 505 1969 mihi
528 1915 797 1969 interdum
833 1914 980 1968 visus
1015 1928 1134 1967 sum
1167 1914 1224 1966 in
1258 1913 1344 1967 his
1379 1913 1573 1981 verbis,
1609 1913 1721 1966 ἀλλ’
1740 1911 1966 1984 Ἡσιόδῳ
1989 1934 2032 1968 κ.
2059 1933 2109 1970 τ.
2134 1916 2181 1968 λ.
2216 1930 2379 1968 anno-

371 1984 632 2039 tationem
667 1985 718 2038 le
758 1999 848 2038 ere
895 1983 1095 2037 veteris
1129 1980 1503 2052 Grammatici‚
1549 1996 1659 2036 non
1693 1982 1973 2039 Herodoti.
2047 1983 2131 2037 De
2166 1983 2285 2052 ipsa
2318 1997 2380 2038 re

373 2052 440 2106 cf.
479 2054 527 2122 ᾗ.
563 2053 722 2107 XXII
755 2094 766 2106 .
807 2056 943 2105 extr.

507 2136 582 2206 2⁰)
614 2138 793 2192 Unum
825 2137 915 2190 hic
948 2134 1170 2189 afferam
1205 2136 1392 2203 paucis
1426 2136 1605 2190 verbis
1622 2176 1637 2204 ,
1690 2137 1853 2204 longa
1887 2135 2106 2205 dignum
2143 2151 2212 2190 ex
2249 2136 2376 2191 lica-

371 2206 538 2272 tione,
575 2221 645 2260 ex
680 2222 786 2275 quo
821 2203 1167 2273 intelligetur,
1241 2219 1311 2258 uo
1345 2219 1665 2272 progressae
1701 2204 1809 2258 sint
1826 2204 2188 2259 dubitationes
2260 2220 2377 2259 rae-

373 2289 557 2328 corum
591 2274 829 2342 ipsorum
864 2274 971 2326 iam
1008 2278 1133 2326 ante
1156 2274 1208 2326 A
1229 2272 1568 2326 exandrinoS.
1629 2272 1780 2338 Quae
1806 2288 1893 2326 res
1918 2273 2074 2326 simul
2097 2273 2377 2327 excusabit

370 2341 760 2409 quodammodo
779 2340 1059 2396 audaciam
1081 2347 1336 2409 nostram,
1375 2341 1532 2394 simul
1554 2357 1692 2396 novo
1711 2347 2025 2410 argumento
2051 2342 2170 2410 erit,
2206 2341 2378 2395 multa

370 2410 682 2478 gravissima
718 2410 1030 2464 oblitterata
1065 2424 1181 2462 esse
1218 2409 1471 2463 stabilitis
1507 2409 1786 2463 sententiis
1821 2414 1985 2477 atque
2011 2409 2240 2463 decretis
2260 2409 2376 2463 illo-

369 2493 488 2532 rum
525 2477 875 2546 sacculorum,
914 2493 983 2530 ex
1018 2477 1212 2544 quibus
1247 2478 1360 2530 fere
1398 2483 1584 2531 nostra
1620 2477 1833 2531 Scholia
1865 2477 2140 2531 habemus.
2212 2476 2377 2545 Apud

369 2546 625 2599 Senecam
662 2546 728 2600 de
764 2547 921 2600 Brev.
958 2545 1103 2598 vitae
1139 2560 1184 2598 c.
1208 2548 1285 2599 13.
1322 2545 1380 2598 in
1416 2546 1819 2614 quaestionibus
1850 2545 2178 2600 Graecorum
2214 2544 2376 2598 inuti·

370 2614 526 2682 libus,
563 2614 633 2668 ad
669 2614 951 2668 vivendum
988 2613 1193 2667 scilicet
1225 2613 1404 2682 beate,
1441 2616 1579 2667 hanc
1616 2629 1830 2682 quoque
1866 2614 1972 2667 iam
2008 2613 2208 2667 dudum
2231 2613 2376 2681 lege-

367 2682 573 2750 bamUS,
616 2684 931 2735 Eiusdemne
966 2685 1190 2734 auctoris
1228 2693 1389 2733 essent
1427 2682 1467 2733 I
1465 2685 1566 2736 lias
1602 2694 1649 2734 et
1690 2682 1936 2749 Odyssea.
1998 2681 2174 2735 Hujus
2212 2697 2374 2749 quae-

369 2750 556 2804 stionis
601 2767 777 2818 nuper
823 2751 1026 2804 nullum
1079 2765 1306 2817 usquam
1354 2750 1642 2817 vestigium
1691 2755 1813 2803 erat
1847 2749 2008 2805 aliud.
2080 2750 2185 2803 Sed
2221 2751 2374 2803 eccel

367 2835 510 2873 nunc
543 2818 702 2886 plura
736 2824 1000 2888 apparent
1035 2818 1091 2871 in
1125 2819 1599 2885 praestantissimis
1635 2818 1861 2873 Scholiis
1896 2817 2031 2872 Ven.
2070 2818 2265 2872 codicis
2289 2818 2377 2880 A.,

368 2888 460 2941 ubi
506 2903 593 2941 res
630 2893 1075 2941 commemoratur
1109 2893 1169 2939 ut
1206 2886 1379 2940 doctis
1432 2887 1711 2941 notissima
1730 2927 1744 2955 ,
1786 2886 2113 2955 proprioque
2162 2886 2376 2939 nomine

367 2955 675 3009 refutantur
709 2956 992 3025 aliquoties
1028 2956 1078 3007 οἱ
1106 2956 1445 3026 χωρίζοντες
1464 2993 1479 3018 ,
1528 2955 1560 3008 i.
1599 2971 1644 3009 e.
1682 2955 1786 3023 ipsi
1821 2955 1926 3022 illi,
2014 2954 2070 3007 ui
2104 2954 2376 3021 negabant

369 3024 596 3078 eundem
632 3024 910 3093 utriusque
948 3024 1208 3077 Carminis
1245 3028 1521 3077 auctorem
1559 3039 1692 3077 esse.
1763 3022 1901 3077 Vide
1938 2971 2012 3076 ag

367 3092 460 3146 tal.
504 3096 600 3147 156
654 3094 699 3145 ὃ.
736 3096 853 3147 354.
894 3111 939 3144 κ.
976 3094 1093 3147 476.
1131 3091 1176 3143 λ.
1210 3093 1322 3147 147.
1361 3094 1480 3147 691.
1510 3111 1565 3156 μ.
1590 3096 1673 3146 96.
1713 3111 1757 3144 ν.
1783 3095 1901 3146 365.
1938 3110 1992 3143 π.
2019 3091 2138 3146 747.
2175 3109 2229 3158 φ.
2256 3093 2377 3144 416.

367 3165 486 3216 550.
524 3160 717 3230 quibus
752 3160 994 3215 versibus
1031 3158 1175 3228 diple
1211 3176 1351 3228 pura
1387 3160 1637 3229 apposita
1674 3166 1755 3214 est
1789 3165 2016 3228 propter
2050 3159 2182 3218 τοὺς
2208 3158 2404 3229 χωρί-,

370 3232 578 3293 ζοντας,
616 3244 727 3298 seu,
764 3234 825 3283 ut
860 3229 915 3282 in
940 3229 1266 3297 Fragmento
1304 3229 1372 3283 de
1408 3229 1552 3282 notis
1589 3227 1799 3282 criticis·
1825 3227 2040 3296 legitur,
2075 3228 2212 3294 πρὸς
2246 3226 2379 3285 τοὺς

369 3299 430 3350 λέ
465 3316 627 3357 οντας
684 3300 760 3369 μὴ
822 3296 961 3349 εἶναι
1014 3301 1116 3349 τοῦ
1174 3297 1346 3349 αὐτοῦ
1401 3301 1627 3367 ποιητοῦ
1686 3295 1878 3349 Ἰλιάδα
1924 3296 2010 3348 καὶ
2047 3294 2376 3347 Ὀδύσσειαν.

368 3318 498 3420 Illyris
545 3371 726 3420 autem
770 3366 982 3433 priores
1030 3364 1195 3418 fuisse
1243 3364 1607 3419 celeberrimis
1643 3365 1842 3419 scholis
1877 3363 2376 3429 Grammaticorum,

368 3450 437 3486 ex
471 3434 652 3487 multis
687 3433 896 3487 indiciis
932 3433 1141 3501 colligo,
1202 3431 1382 3499 Quare
1417 3433 1707 3488 videndum
1743 3437 1843 3501 est,
1880 3445 1948 3486 ne
1983 3432 2124 3486 forte
2146 3431 2379 3503 primum

2042 3022 2099 3088 β.
2124 3026 2241 3076 356.
2278 3022 2376 3075 Ga·
2465 3064 2472 3069 .
