2734 4000
416 387 543 445 eius
571 382 646 444 ‘et
684 385 971 459 pernicies
1012 385 1321 444 diceretur.
1404 386 1570 458 Quod
1609 386 1908 447 verissime
1949 386 2227 445 monitum
2267 402 2411 459 esse,

402 463 840 521 illitteratorum
878 463 1171 521 hominum
1211 468 1272 521 et
1298 462 1595 522 doctrinae
1621 468 1855 522 nostrae
1883 464 2206 536 expertium
2231 480 2413 536 popu-

413 541 605 599 lorum
646 539 1053 612 contemplatio
1095 538 1281 598 docet.
1359 540 1565 611 Neque
1619 541 1770 599 enim
1809 539 1975 598 nobis
2012 557 2159 613 opus
2201 546 2290 599 est
2329 538 2411 599 af-

412 616 572 675 ferre
612 617 929 706 singularia
968 616 1318 706 specimina
1319 616 1617 675 validioris
1634 616 1986 691 memoriae,
2026 623 2092 674 ut
2117 617 2413 677 Hortensii

422 693 692 765 oratoris,
733 709 903 763 quem
991 709 1145 751 1cero
1183 686 1495 751 narrat*
1426 709 1527 763 ea,
1577 709 1726 765 quae
1765 709 1960 751 secum
1998 699 2414 752 commentatus

425 775 598 841 esset,
659 771 783 827 sine
832 771 1047 843 scripto
1097 770 1287 829 omnia
1332 769 1582 828 reddere
1631 770 1894 843 potuisse
1945 770 2150 829 iisdem
2204 770 2416 840 verbis,
2459 792 2465 801 ·

412 846 617 919 quibus
668 847 1067 919 cogitavisset,
1119 847 1242 904 sive
1288 852 1618 920 poetarum,
1667 853 1789 906 tum
1837 842 2416 925 αὐτοσχεδιαζόντων,

418 923 518 995 qui
558 923 722 981 Italis
770 926 1213 994 improvieatores
1262 930 1569 996 vocantur,
1624 931 1747 983 tum
1796 924 2040 983 aliorum
2088 925 2414 996 multorum,

418 1016 564 1072 quos
607 1005 866 1072 constat,
918 1000 1261 1073 praesertim
1301 1000 1639 1060 interdictos
1698 1018 1808 1059 usn
1846 1001 2197 1073 scripturae,
2247 1001 2418 1073 plura

414 1077 599 1134 millia
639 1093 907 1135 versuum
949 1082 1009 1135 et
1033 1075 1242 1135 fecisse
1280 1078 1340 1135 in
1382 1078 1588 1150 animo,
1631 1083 1691 1136 et
1728 1078 2039 1137 memoriae
2078 1075 2251 1135 infixa
2290 1093 2417 1135 sae-

416 1154 549 1227 pius
608 1154 935 1226 repetiisse.
1031 1154 1257 1226 Quippe
1312 1170 1426 1213 non
1478 1156 1703 1226 agimus
1755 1154 1828 1212 de
1875 1154 2025 1213 raris
2075 1154 2417 1225 quibusdam

413 1231 708 1288 miraculis
748 1237 1011 1302 naturae,
1052 1234 1249 1289 Verum
1292 1231 1364 1289 de
1395 1234 1580 1287 ordine
1604 1233 1893 1302 hominum,
1932 1251 2033 1302 per-
2054 1240 2223 1286 totam
2248 1234 2418 1286 vitam

413 1310 560 1363 kuic·
581 1310 680 1362 uni
716 1310 829 1362 arti
864 1310 1190 1376 vacantium,
1231 1316 1291 1363 ut
1329 1312 1418 1363 vel
1445 1317 1746 1380 panyerent
1792 1309 2066 1375 Carmina,
2121 1327 2256 1378 quae
2293 1327 2418 1363 mox

413 1386 657 1439 canendo
695 1386 1050 1456 divulyarent,
1090 1388 1175 1440 vel
1211 1386 1492 1455 divulqata
1534 1387 1604 1440 ab
1643 1386 1771 1440 aliie
1810 1387 2082 1440 decerent.

576 1459 757 1531 Atqui
811 1461 960 1518 tales
1008 1459 1132 1518 fere
1179 1459 1413 1519 ordines
1451 1460 1742 1519 hominum
1780 1461 1842 1518 in
1881 1460 2010 1518 aliis
2052 1477 2277 1532 quoque
2317 1477 2419 1533 po-

415 1537 568 1610 pulis
593 1537 932 1609 reperimuS,
974 1537 1130 1610 apud
1155 1536 1459 1596 Hebraeos
1486 1540 1714 1609 scholas,
1756 1553 1897 1608 quas
1925 1537 2138 1608 dicunt,
2179 1537 2418 1608 Prophe-

417 1626 626 1683 tarum,
680 1619 803 1671 tum
854 1615 1219 1686 cognatiores
1270 1613 1438 1673 nobis
1486 1616 1737 1685 Bardos,
1798 1613 2087 1684 Scaldros,

417 1691 508 1749 De
551 1690 641 1748 his
671 1690 903 1760 quidem
930 1692 1239 1763 postremis
1296 1690 1514 1750 Caesar
1559 1696 1620 1749 et
1666 1690 1827 1748 Mela
1865 1657 2233 1762 1111311111173),
2285 1706 2419 1762 pro-

313 1787 389 1826 103
421 1768 611 1840 priam
652 1783 849 1826 eorum
887 1765 1068 1825 fuisse
1108 1766 1488 1840 disciplinam,
1528 1767 1588 1824 in
1628 1783 1743 1838 qua
1779 1768 2034 1826 nonnulli
2074 1767 2149 1825 ad
2188 1767 2418 1827 vicenos

423 1861 601 1903 annos
642 1844 1083 1917 permanserint,
1130 1853 1191 1899 ut
1227 1863 1482 1915 maynum
1521 1863 1796 1899 numerum
1833 1863 2082 1900 versuum
2118 1846 2418 1916 ediscerent,

421 1923 617 1976 litteris
679 1941 788 1976 non
845 1923 1226 1976 mandatorum
1239 1918 1332 1991 ⁷4).
1416 1922 1601 1993 Quam
1660 1920 1866 1978 vellem
1916 1920 2205 1979 tantillum
2254 1920 2419 1979 nobis

424 1997 639 2057 Graeci
690 1997 1071 2056 tradidissent
1118 1996 1197 2055 do
1230 1996 1460 2056 vatibus
1503 2004 1563 2056 et
1599 1997 1903 2071 rhapsodis
1944 1996 2090 2056 suis!
2169 1997 2320 2056 Nam
2361 2005 2423 2056 et

416 2075 621 2134 horum
658 2076 953 2148 propriam
994 2074 1283 2146 quandam
1322 2074 1682 2147 disciplinam
1736 2081 1798 2132 et
1834 2076 2126 2147 singulare
2167 2074 2423 2133 studium

434 2152 577 2209 artis
615 2150 815 2225 fuisse,
864 2169 971 2224 pro
1013 2157 1305 2225 comperto
1344 2151 1674 2210 habendum
1712 2151 1979 2211 arbitror.
2058 2151 2186 2224 Age
2226 2150 2438 2224 igitur,

427 2227 817 2318 rhapsodicae
848 2226 1223 2293 διδασκαλίας
1258 2228 1508 2299 modum,
1550 2228 1913 2300 antiquitatis
1938 2228 2192 2287 tenebris
2219 2227 2423 2287 obscu-

409 2311 641 2378 tratum,
692 2305 961 2363 similium
997 2320 1191 2363 rerum
1231 2305 1658 2378 comparatione
1699 2320 1984 2365 eruamus
2059 2305 2202 2363 Fuit
2238 2306 2317 2377 is,
2371 2305 2422 2362 si

412 2381 573 2452 {quid
611 2381 799 2471 video,
838 2381 1014 2452 idem,
1053 2384 1153 2453 qui
1191 2382 1292 2439 diu
1330 2381 1625 2443 adhibitus
1667 2386 1758 2439 est
1795 2382 1854 2438 in
1881 2397 2073 2454 scena,
2115 2387 2175 2440 et
2199 2381 2425 2454 tragica

409 2453 498 2517 ffet
541 2459 777 2531 comica,
819 2459 879 2516 in
917 2459 1091 2517 variis
1131 2458 1439 2531 generibus
1479 2458 1798 2530 chororum,
1841 2457 2086 2529 denique
2126 2458 2186 2515 in
2214 2458 2424 2517 scholis

400 2523 496 2598 iet
535 2534 704 2607 ludis,
744 2535 1077 2607 priusquam
1117 2535 1408 2593 scribendi
1446 2534 1791 2607 legendique
1828 2532 2074 2593 facultas
2113 2536 2285 2607 vulgo
2311 2532 2425 2593 fre-

394 2612 704 2682 quentari
744 2618 1035 2685 coeperat.
1098 2612 1156 2670 Is
1197 2617 1392 2670 autem
1429 2611 1632 2670 modus
1661 2612 1845 2683 qualis
1870 2609 2063 2684 fuerit,
2103 2612 2234 2685 ipsa
2259 2627 2424 2670 voca-

424 2687 564 2746 bula
602 2694 907 2747 testantur.
975 2688 1066 2746 De
1105 2689 1294 2761 poetis
1341 2688 1492 2745 enim
1530 2689 1827 2760 proprium
1870 2693 1960 2746 est
2000 2693 2059 2746 et
2100 2704 2172 2746 ex
2195 2704 2260 2746 re
2289 2687 2425 2746 duc-

433 2770 573 2836 tum,
626 2762 1001 2823 διδάσκειν
1053 2762 1418 2841 δράματα,
1466 2764 1677 2822 Latine
1716 2767 1923 2836 docere3
2003 2765 2077 2823 de
2116 2764 2424 2838 actoribuS,

559 2953 1095 3026 ⁷³)111eB..,GV1
1136 2958 1558 3022 14.hi0111,.2

573 3044 644 3110 ⁷4)
681 3042 861 3096 Simile
908 3042 1162 3111 quiddam
1209 3049 1265 3097 et
1310 3043 1444 3098 alias
1479 3059 1642 3112 saepe
1679 3050 1735 3098 et
1767 3046 2072 3113 nuperrime
2110 3045 2177 3100 de
2212 3047 2428 3100 natione

431 3112 648 3171 Ossiani
683 3117 958 3165 narratum
995 3117 1094 3164 est
1113 3127 1146 3165 a
1162 3112 1225 3166 G.
1251 3111 1564 3167 Thorntono
1600 3114 1657 3165 in
1680 3112 1980 3167 Transactt.
2006 3114 2067 3169 of
2077 3115 2172 3168 the
2195 3114 2429 3168 Americ.

433 3180 628 3247 philos,
664 3179 880 3258 Society
914 3186 972 3232 at
1005 3179 1380 3248 Philadelphia
1413 3179 1534 3235 Vol.
1568 3181 1666 3234 III.
1703 3198 1756 3249 p.
1792 3185 1909 3235 314.
1929 3198 2044 3250 sqq.
2113 3182 2176 3236 In
2212 3183 2305 3236 illa
2338 3197 2430 3236 na-

435 3248 583 3301 tione
621 3248 783 3301 etiam
818 3263 960 3301 nunc
995 3263 1149 3302 senes
1185 3263 1319 3316 esse,
1357 3249 1451 3316 qui
1485 3254 1689 3303 tantam
1714 3250 1922 3317 copiam
1943 3251 2287 3329 antiquorum
2304 3250 2431 3304 Car-

430 3316 637 3369 minum
671 3316 927 3369 memoria
961 3315 1308 3393 custodirent,
1331 3326 1395 3370 ut
1427 3317 1816 3371 velocissimum
1852 3318 2081 3372 scribam
2116 3334 2216 3386 per
2249 3319 2432 3386 plures

433 3398 648 3437 menses
686 3375 935 3437 dictando
971 3372 1251 3451 fatigaturi
1287 3392 1481 3439 essent.
1524 3385 1612 3455 [de
1649 3385 1882 3439 Scaldris
1916 3403 1964 3439 v.
2001 3386 2125 3440 Ger.
2163 3386 2433 3455 Schoning

437 3450 669 3518 praefat.
707 3449 775 3504 ad
811 3452 1013 3505 Snorrii
1048 3451 1257 3506 Sturlae
1294 3452 1357 3506 F.
1393 3452 1808 3524 Heimskringla,
1843 3470 1897 3522 p.
1933 3452 2050 3508 XV.
2070 3455 2206 3524 sqq]
