2734 4000
1232 223 1594 277 ...44-

341 383 391 423 '1³
419 376 543 433 Iam
594 374 644 432 si
695 374 827 433 novi
868 372 1099 444 generis
1152 372 1442 431 scribendi
1481 378 1749 433 auctores
1788 373 2169 449 perhibentur
2206 375 2248 432 ii
2287 373 2414 446 soli,

418 453 517 524 qui
558 452 712 508 iusta
738 449 1026 510 volumina
1052 449 1302 509 condere
1327 450 1722 524 instituerunt,
1762 458 1828 510 ut
1857 451 2106 526 Cadmus
2119 450 2415 526 Qesius,

398 527 786 615 'Pherffldes
838 526 1037 608 Syrius
1089 532 1150 585 et
1202 527 1330 598 alii,
1380 526 1764 586 Pisistratidis
1816 518 2119 601 aoqifales,
2172 518 2416 591 (in'lmc

418 606 570 663 enim
607 599 912 662 manifeste
951 604 1134 662 omnis
1174 605 1414 675 antiqua
1451 602 1606 663 fama
1645 605 1962 676 convenitz)
2003 604 2064 662 id
2091 621 2299 677 magno
2328 611 2417 662 est

425 687 794 754 argumento,
869 683 1128 736 librorum
1192 683 1567 744 confectionem
1616 688 1678 739 et
1724 682 1882 755 apud
1932 683 2101 741 Iones
2151 688 2212 739 et
2260 681 2417 755 apud

423 759 677 830 reliquos
718 757 972 817 Graecos
1010 756 1120 815 hac
1159 757 1286 830 ipsa
1327 763 1525 817 aetate
1562 759 1813 831 priorem
1853 775 1967 818 non
2004 756 2203 841 inisse.

1261 970 1562 1079 XV111.

581 1144 877 1202 Hactenus
919 1144 1170 1217 experiri
1209 1144 1509 1216 voluimus,
1550 1159 1663 1215 quo
1701 1142 2187 1217 progrederemur
2226 1144 2285 1200 in
2309 1144 2419 1202 hac

427 1222 860 1289 controversia,
907 1221 1212 1280 universae
1248 1221 1528 1279 historiae
1566 1221 1910 1280 testimoniis
1952 1220 2255 1293 adhibitis,
2306 1237 2420 1280 non

420 1299 768 1357 auctoritate
807 1298 1045 1356 Homeri
1088 1304 1148 1355 et
1186 1299 1550 1369 antiquorum
1600 1298 1984 1372 interpretum
2034 1298 2175 1356 eius.
2253 1298 2310 1356 Ν
2311 1314 2421 1355 unc

425 1391 536 1447 age
577 1375 947 1433 attendamus
987 1376 1264 1447 animum,
1317 1374 1458 1446 quid
1497 1375 1725 1433 demum
1764 1375 1824 1432 hi
1864 1374 2136 1447 afferant,
2191 1375 2424 1433 reiectis

418 1458 630 1523 tamen,
671 1453 821 1509 sicut
859 1468 968 1524 par
1007 1458 1114 1523 est,
1153 1452 1245 1523 iis,
1287 1453 1386 1523 qui
1412 1453 1720 1510 vetustatis
1748 1452 2020 1510 incuriosi
2049 1450 2123 1509 de
2150 1451 2424 1523 operibus

418 1529 676 1600 Homeri,
702 1527 947 1588 Hesiodi
988 1534 1048 1586 et
1087 1529 1416 1600 aequalium
1451 1528 1694 1602 perinde
1726 1529 2039 1599 loquuntur
2056 1534 2331 1599 tanquam
2351 1528 2425 1586 de

430 1606 725 1677 quibusvis
775 1605 940 1663 libris
988 1605 1374 1664 bibliothecae
1423 1621 1594 1677 suae,
1665 1606 1756 1663 vel
1810 1605 2100 1663 scribendi
2148 1605 2424 1664 vocabulo

424 1688 665 1739 utuntur
703 1682 929 1754 vulgari
970 1697 1168 1746 errore
1194 1682 1336 1753 stili,
1361 1698 1476 1740 non
1503 1683 1677 1740 animi
1705 1682 1934 1741 iudicio.
1994 1682 2088 1739 Ita
2113 1682 2240 1754 ipse
2265 1682 2423 1753 mihi,

425 1760 526 1830 qui
566 1755 799 1823 ἀοιδοὺς
836 1760 967 1817 illos
1007 1775 1121 1818 non
1160 1759 1474 1831 scriptores
1514 1758 1619 1817 sed
1660 1755 1893 1824 ἀοιδοὺς
1915 1756 2095 1816 fuisse
2123 1759 2422 1830 contendo,

421 1834 598 1893 facile
638 1851 843 1908 passus
881 1836 987 1893 sim
1026 1835 1372 1907 quandoque
1408 1836 1551 1893 illud
1587 1834 1824 1894 verbum
1863 1835 2148 1907 excidere,
2187 1850 2260 1892 ne
2283 1836 2425 1893 alte-

423 1913 546 1970 rius
575 1928 753 1985 saepe
780 1913 1016 1985 repetiti
1052 1914 1360 1970 insolentia
1388 1913 1659 1972 offendat.
1702 1910 1807 1972 Cui
1833 1911 2047 1972 rationi
2067 1911 2425 1970 subiicienda

423 1995 558 2048 sunt
596 1991 885 2063 permulta
923 1990 1053 2050 loca
1089 1995 1368 2062 veterum,
1428 1990 1639 2050 similia
1675 1989 1823 2061 istis,
1874 2006 2023 2063 quae
2075 1990 2422 2049 mentionem

422 2068 746 2139 scripturae
784 2067 1002 2126 habent
1038 2069 1097 2125 in
1124 2067 1351 2140 legibus
1377 2067 1650 2140 Lycurgi,
1690 2082 1834 2138 quas
1861 2084 2028 2126 nemo
2057 2066 2259 2126 doctus
2288 2067 2422 2125 olim

425 2145 714 2216 scriptura
764 2145 914 2202 latas
957 2143 1224 2203 credidit.
1304 2145 1644 2216 Eodemque
1681 2142 1961 2202 referrem
1999 2150 2195 2202 notum
2236 2144 2422 2203 locum

422 2221 792 2293 Apollodori,
846 2222 909 2279 in
965 2237 1078 2293 quo
1132 2220 1206 2279 de
1249 2222 1507 2281 exitiosis
1547 2221 1662 2279 illis
1701 2221 1987 2279 mandatis
2027 2220 2226 2279 Proeti
2264 2221 2330 2277 ΙΙ.
2371 2219 2419 2287 ζ.

432 2304 562 2356 168.
603 2313 810 2357 nomen
850 2293 1151 2374 ἐπιστολῆς
1187 2299 1372 2371 ponit,
1412 2298 1757 2371 praesertim
1784 2314 1957 2369 quum
1984 2297 2064 2355 ibi
2089 2312 2296 2370 parum
2323 2315 2422 2371 ap-

423 2380 545 2432 tum
583 2372 791 2433 fuisset
829 2376 1043 2435 exoleti
1080 2376 1254 2434 moris
1305 2374 1606 2446 indicium,
1654 2390 2044 2447 negaremque
2082 2374 2422 2446 Apollodori

346 2461 397 2500 '14
423 2451 534 2509 hac
590 2451 664 2508 de
714 2468 779 2509 re
831 2452 1175 2511 sententiam
1226 2466 1295 2510 eo
1335 2452 1463 2511 loco
1503 2451 1893 2522 quaerendam
1933 2467 2093 2522 esse,
2143 2451 2255 2507 nisi
2293 2452 2422 2524 ipsa

425 2528 604 2586 verba
633 2544 670 2585 a
696 2527 1115 2600 significatione
1143 2529 1334 2586 iustae
1362 2529 1646 2601 epistolae
1672 2545 1908 2601 prorsus
1935 2526 2418 2599 abhorrerentw).

427 2682 608 2736 scisse.
679 2681 743 2736 Id
791 2681 1066 2750 aliquanto
1113 2686 1238 2749 post
1291 2679 1455 2733 etiam
1482 2694 1794 2801 dpaucorum
1827 2678 1933 2732 fuit
1968 2694 2038 2732 ex
2070 2678 2421 2747 magnanimis

426 2751 750 2820 Cecropidis.
823 2751 1124 2805 Potuerunt
1157 2759 1337 2802 tamen
1366 2748 1413 2800 ‘ii
1446 2765 1481 2802 a
1551 2746 1860 2802 discendum
1897 2748 2112 2800 invitari
2145 2747 2237 2800 illo
2273 2747 2421 2801 insti-

423 2827 562 2887 tuto,
596 2836 706 2874 non
738 2819 942 2888 peiore,
977 2822 1185 2887 opinor,
1222 2816 1583 2871 elementariis
1616 2816 1810 2870 libellis
1843 2816 2057 2869 nostriS.

370 2948 378 2958 .
606 2906 679 2969 36)
713 2905 794 2974 11,
841 2909 900 2972 3,
951 2909 996 2958 1.
1096 2900 1331 2972 Προῖτος
1389 2902 1588 2956 ἔδωκεν
1649 2901 2026 2961 ἐπιστολὰς
2078 2901 2229 2971 αὐτῷ
2283 2901 2423 2970 πρὸς

368 2979 375 2987 ”
422 2972 666 3043 Ἰοβάτην
716 2976 982 3037 κομίσειν,
1029 2972 1086 3024 ἐν
1137 2970 1225 3032 αἶς
1270 2972 1752 3040 ἐνεγέγραπτο
1798 2967 2249 3040 Βελλεροφόντην
2294 2970 2419 3021 ἀπο·

430 3048 669 3096 κτεῖναι·
741 3039 984 3111 Ἰοβάτης
1027 3042 1089 3093 δὲ
1136 3041 1244 3093 ἐπι
1301 3040 1461 3100 νοὸς
1505 3038 1769 3097 ἐπέταξεν
1816 3056 1863 3090 κ.
1912 3055 1959 3090 τ.
2009 3038 2056 3091 λ.
2126 3036 2276 3103 Quae
2313 3035 2420 3091 duo

421 3112 587 3165 verba
621 3111 677 3165 in
711 3111 764 3163 h.
801 3112 834 3164 l.
872 3110 1142 3177 pertinere
1176 3109 1229 3163 vi
1270 3115 1428 3162 entur
1462 3106 1532 3161 ad
1567 3108 1888 3175 scripturam
1923 3106 2243 3174 litterarum,
2289 3105 2422 3159 talia

426 3196 543 3234 esse
580 3177 716 3247 dico,
754 3186 815 3232 ut
848 3177 917 3239 ,de
953 3178 1095 3232 notis
1118 3193 1213 3231 seu
1250 3177 1416 3245 signis
1451 3182 1674 3244 accepta
1710 3175 1909 3243 optime
1946 3173 2184 3228 habeant
2219 3180 2274 3227 et
2295 3190 2422 3243 pru-

426 3248 620 3302 denter
652 3248 830 3315 posita
865 3248 986 3300 sint.
1046 3246 1186 3300 Nam
1222 3246 1397 3314 ἐγγρά
1478 3263 1523 3296 ιν
1560 3250 1673 3298 tum
1709 3259 1810 3311 per
1844 3258 1900 3296 se
1924 3241 2162 3296 incertae
2186 3248 2421 3310 potesta-

423 3318 496 3370 tis
530 3322 628 3383 est,
664 3325 777 3368 tum
814 3322 897 3369 est
930 3314 1064 3369 illud
1098 3315 1273 3382 ipsum
1307 3328 1405 3366 ver
1440 3329 1546 3381 um,
1595 3311 1740 3379 quod
1774 3310 1918 3379 apud
1954 3316 2170 3379 poetam
2208 3310 2419 3380 legitur.

424 3385 571 3439 Pone
607 3400 705 3452 pro
740 3384 832 3438 illo
869 3384 1175 3453 ἐγγλύφειν,
1210 3382 1581 3451 &nodam-m,
1618 3382 2013 3452 ἐγχαράσσεινς
2058 3379 2421 3447 importunum

426 3452 659 3506 studium
694 3452 936 3506 variandi
973 3453 1186 3505 senties
1256 3452 1332 3505 At
1367 3450 1563 3521 πίνακα
1598 3449 1821 3504 Homeri
1854 3449 2083 3502 mutavit
2118 3448 2174 3500 in
2209 3448 2418 3499 ἐπιοτο·
