2734 4000
1242 230 1597 283 -46-

430 380 573 438 tium
612 378 1032 451 historicorum,
1074 378 1360 450 geminum
1399 377 1486 434 illi
1526 377 1598 435 de
1638 378 1900 451 Noacho,
1942 379 2139 451 qualia
2177 379 2427 438 libenter

421 457 670 528 arripuit
706 456 821 513 ista
860 460 1041 513 aetas.
1107 455 1189 513 At
1226 455 1286 511 in
1313 454 1625 514 Eustathio
1651 471 1763 514 non
1791 455 2088 514 Eustathii
2125 456 2426 528 opiniones

423 534 768 606 quaerimus,
796 531 901 590 sed
924 533 1303 591 vetustiorum
1330 532 1736 603 litteratorum,
1765 546 2005 604 quorum
2030 532 2263 592 Scholia
2290 538 2428 592 ante

431 611 624 670 oculos
676 609 944 667 habebat.
1023 608 1116 667 Ex
1164 608 1254 666 his
1307 614 1501 666 autem
1542 608 1786 667 Scholiis
1847 625 1977 668 eum
2015 610 2228 681 ubique
2270 616 2332 668 et
2369 611 2429 668 in

424 679 496 745 iis
536 685 796 744 versibus
836 686 1100 757 maxime,
1139 686 1240 744 ubi
1278 701 1403 743 rem
1442 701 1554 744 non
1594 686 1785 745 obiter
1822 690 2055 760 tractat,
2096 687 2212 745 alia
2237 687 2431 746 omnia

432 762 670 836 referre,
711 764 908 836 paullo
947 779 1078 821 mox
1117 762 1444 820 viderimus.

444 883 449 888 -
579 840 732 899 Num
783 856 921 898 vero
960 839 1246 914 Homerus
1295 840 1423 911 ipse
1475 840 1732 912 ignotam
1770 839 2045 899 heroibus
2084 842 2204 899 suis
2245 846 2430 900 artem

436 918 653 988 scierit,
705 933 986 988 nusquam
1010 932 1118 973 nec
1155 916 1497 975 Eustathius
1538 933 1662 990 nec,
1715 922 1991 989 quantum
2033 934 2142 989 ego
2182 919 2431 991 reperio,

439 995 745 1066 quisquam
767 993 1217 1052 Scholiastarum
1251 994 1506 1065 quaerit:
1547 995 1632 1052 ita
1656 1011 1752 1052 res
1781 995 1854 1053 ab
1882 994 1953 1051 iis
1980 1010 2088 1053 nec
2115 993 2434 1053 affirmatur

436 1087 542 1129 nec
581 1076 833 1142 negatur
870 1072 1151 1143 praecise.
1205 1070 1294 1128 Ac
1332 1069 1532 1142 quanti
1571 1069 1847 1130 faciamus
1885 1071 2113 1130 illorum
2153 1088 2341 1144 voces,
2381 1072 2432 1131 si

438 1164 538 1205 eas
589 1146 876 1205 mendacii
930 1148 1272 1206 convincant
1311 1153 1544 1220 eventa,
1599 1164 1747 1220 quae
1788 1165 1861 1207 ne
1904 1153 2160 1206 extrema
2200 1149 2432 1221 quidem

436 1230 599 1283 aetas
648 1225 820 1297 plane
875 1224 1295 1282 dissimulavit?
1374 1225 1465 1282 Ne
1504 1226 1710 1283 multa:
1794 1226 1969 1284 etiam
2008 1225 2431 1286 Alexandrinos

433 1302 676 1361 Criticos
704 1300 860 1358 haud
888 1301 1063 1360 dubie
1090 1301 1347 1359 exercuit
1364 1301 1511 1360 haec
1537 1303 1831 1373 quaestio:
1874 1318 1981 1360 nec
2000 1302 2233 1361 aliunde
2262 1319 2432 1375 quam

437 1395 509 1437 ex
528 1378 1014 1451 disputationibus
1037 1394 1234 1437 eorum
1253 1379 1525 1451 manavit,
1567 1380 1617 1436 si
1637 1379 1785 1450 quid'
1798 1380 2160 1438 auctoritatis
2181 1381 2240 1437 in
2268 1385 2435 1438 tanta

426 1457 649 1514 iactura
673 1455 948 1514 librorum
975 1461 1234 1513 veterum
1262 1455 1531 1527 ambiguo
1558 1457 1787 1515 silentio
1817 1456 2172 1516 Scholiorum
2200 1463 2434 1517 nostro-

441 1550 567 1590 rum
608 1533 860 1592 obiicere
899 1548 1218 1605 possumus.
1298 1533 1391 1590 Ita
1430 1532 1801 1606 sentiendum¹
1833 1538 1925 1591 est
1963 1533 2036 1591 de
2075 1533 2435 1594 memorabili

444 1612 568 1669 loco
607 1608 866 1682 Iosephi,
926 1609 1025 1667 ubi
1073 1610 1380 1682 perspicue
1422 1609 1589 1682 dicit,
1644 1612 1938 1665 Homerum
1976 1613 2128 1665 tradi
2162 1614 2433 1683 scriptura

355 1697 405 1735 77
448 1706 605 1741 usum
651 1706 759 1741 non
792 1689 978 1758 fuisse
1023 1690 1082 1742 in
1120 1690 1424 1759 panyendis
1492 1688 1855 1755 Carminibus,
1916 1706 2079 1757 eaque
2112 1690 2292 1757 primo
2331 1706 2434 1742 me-

330 1819 339 1822 ,
449 1766 665 1818 moriter
706 1766 936 1834 prodita
984 1766 1042 1818 in
1097 1765 1288 1835 vulqus
1343 1774 1391 1818 et
1432 1772 1777 1835 Ρνορορατο,
1824 1772 2015 1833 postea
2051 1766 2242 1819 litteris
2281 1772 2435 1819 mdn-

357 1852 407 1890 78
442 1843 586 1895 data
634 1841 774 1895 hanc
815 1842 1058 1910 ferinam
1110 1850 1157 1895 et
1206 1851 1434 1896 tenorem
1494 1838 1885 1911 adscim‘sse38).
1964 1839 2152 1899 Unica
2204 1839 2434 1912 quidem

443 2004 604 2072 docti,
640 2002 833 2070 quibus
868 2001 958 2055 ille
993 2001 1272 2054 familiaris
1309 2007 1392 2055 est
1412 2041 1425 2067 ,
1472 2001 1634 2054 etiam
1671 1997 1778 2056 non
1813 2000 2070 2056 admoniti
2106 2001 2436 2055 animadver-

438 2078 584 2138 tent3
619 2072 786 2125 ceteri
820 2069 980 2124 modo
1017 2070 1314 2135 crederent,
1350 2077 1461 2136 aut,
1512 2070 1687 2123 minus
1720 2076 1916 2123 natura
1950 2069 2171 2137 creduli,
2207 2070 2265 2122 in
2289 2069 2434 2137 cupi·
2523 2130 2530 2138 ,

439 2140 663 2194 ditatem
697 2155 870 2193 meam
906 2139 1200 2203 tra-herent.
1269 2137 1535 2192 Neutrum
1571 2138 1865 2205 periculum
1900 2138 1989 2193 hic
2024 2138 2202 2192 subire
2239 2137 2386 2191 libet.

574 2226 645 2294 38)
682 2224 882 2279 Contra
914 2223 1110 2292 Apion.
1146 2225 1196 2290 1,
1245 2226 1295 2276 2.
1327 2239 1383 2291 p.
1417 2227 1537 2280 439.
1607 2223 1733 2291 Ὀψὲ
1779 2223 1862 2276 καὶ
1908 2223 2059 2287 μόλις
2106 2222 2349 2290 ἔγνωσαν
2387 2222 2436 2274 οἱ

425 2291 672 2363 Ἕλληνες
718 2293 880 2362 φύσιν
928 2293 1287 2361 γραμμάτων.
1374 2290 1446 2344 Οἱ
1502 2293 1637 2362 γάρ
1684 2293 1774 2361 ἀρ’
1827 2293 2160 2361 αιοτάτην
2210 2292 2432 2343 αὐτῶν

436 2364 560 2433 τὴν
593 2367 852 2434 χρῆσιν
902 2360 1087 2414 εἶναι
1122 2360 1479 2424 θέλοντες,
1535 2361 1718 2430 παρὰ
1812 2359 2090 2413 οινίκων
2128 2359 2239 2412 καὶ
2274 2356 2433 2412 Koid-

435 2450 563 2494 μου
628 2429 1095 2494 σεμνύνονται
1154 2428 1438 2492 μαθεῖν·
1511 2429 1574 2480 οὐ
1626 2431 1733 2500 μὴν
1790 2430 1907 2481 οὐδ’
1953 2429 2038 2479 ἐπ’
2085 2428 2288 2480 ἐκείνου
2336 2431 2435 2479 τοῦ

472 2501 636 2567 ρόνου
687 2499 914 2552 δύναιτό
960 2515 1041 2556 τις
1094 2495 1158 2548 ἂν
1213 2495 1390 2554 δεῖξαι
1444 2498 1753 2567 σωζομένην
1810 2498 2164 2566 ἀναγραφήν,
2218 2495 2331 2547 οὔτ’
2374 2495 2432 2547 ἐν

433 2518 638 2637 ζεροῖς,
690 2568 801 2620 οὔτ’
852 2568 911 2618 ἐν
963 2565 1236 2634 δημοσίοις
1281 2565 1643 2633 ἀναθήμασιν.
1699 2567 1954 2633 (Miratur
1987 2565 2092 2618 hoc
2128 2568 2166 2617 1.
2203 2563 2266 2619 G.
2303 2562 2434 2617 Vos-

441 2638 550 2690 sius
586 2642 812 2704 propter
844 2634 1046 2689 nobilia
1080 2634 1469 2702 epigrammata
1501 2632 1778 2688 Herodoti.
1836 2633 2014 2687 Aliter
2034 2649 2177 2687 nunc
2201 2632 2435 2686 sentient

433 2707 489 2775 ii,
527 2706 618 2774 qui
653 2721 816 2773 supra
850 2720 884 2757 a
916 2718 1002 2757 me
1038 2703 1293 2769 scriptum
1318 2699 1612 2768 probarint.
1668 2701 1931 2756 Nimirum
1950 2701 2212 2769 Iosephus
2236 2715 2433 2768 operae

442 2776 673 2843 pret-ium
709 2789 815 2828 non
852 2771 1020 2840 duxit,
1056 2771 1160 2824 illis
1197 2777 1251 2823 et
1287 2768 1547 2822 similibus
1583 2767 1778 2823 fabulis
1815 2768 2113 2823 refutandis
2136 2767 2432 2835 immorari3

436 2850 492 2897 et
525 2842 765 2896 fecerant
798 2839 855 2894 id
888 2846 1012 2894 ante
1049 2855 1170 2892 eum
1205 2837 1297 2891 alii
1318 2837 1490 2905 multi,
1525 2842 1586 2890 ut
1608 2838 1698 2892 hic
1714 2839 1830 2906 ipse
1855 2838 2002 2891 locus
2026 2837 2281 2892 ostendit.
2318 2837 2433 2889 Iam

437 2911 723 2979 diligenter
754 2908 1072 2975 considereS,
1109 2922 1244 2977 quae
1282 2905 1432 2960 addit
1446 2913 1481 2971 z)
1539 2904 1701 2959 Ὅπου
1736 2925 1801 2975 γε
1838 2905 1922 2957 καὶ
1956 2906 2116 2977 περὶ
2162 2909 2292 2957 τῶν
2327 2904 2435 2956 ἐπὶ

448 2977 694 3048 Τροίαν
775 2977 1142 3035 τοσούτοις
1207 2975 1395 3027 ἔτεσι
1461 2976 2053 3044 στρατευσάντων
2130 2973 2431 3041 ὕστερον

442 3048 656 3117 πολλὴ
693 3047 989 3116 γέγονεν
1027 3044 1284 3113 ἀπορία
1320 3061 1393 3095 τε
1429 3043 1536 3094 καὶ
1574 3043 1874 3113 ζήτησις,
1921 3043 1982 3094 εἷ
2026 3043 2431 3113 γράμμασιν

442 3118 469 3167 ἐ
533 3120 784 3184 ρῶντο·
835 3114 920 3166 καὶ
976 3113 1208 3181 τάληθὲς
1265 3114 1554 3180 ἐπικρατεῖ
1603 3112 1805 3175 μᾶλλον
1865 3111 1993 3180 περὶ
2045 3115 2140 3164 τοῦ
2198 3111 2296 3180 τὴν
2337 3112 2431 3161 νῦν

441 3205 466 3236 o
513 3203 613 3236 σαν
667 3188 775 3235 τῶν
821 3183 1158 3253 γραμμάτων
1189 3185 1392 3250 χρῆσιν
1432 3180 1661 3239 ἐκείνους
1696 3182 1931 3248 ἀγνοεῖν.
1989 3178 2153 3238 Ο’θλως
2188 3178 2247 3229 δὲ
2283 3177 2434 3246 παρὰ

445 3255 559 3311 τοῖς
577 3250 818 3321 Ἕλλησιν
856 3250 1016 3302 οὐδὲν
1040 3248 1465 3316 ὁμολογούμενον
1498 3249 1811 3318 εὑρίσκεται
1836 3249 2065 3318 γράμμα
2084 3252 2181 3316 τῆς
2204 3246 2432 3315 Ὁμήρου

446 3321 715 3389 ποιήσεως
768 3319 1165 3388 πρεςβύτερον.
1261 3315 1431 3376 Οὗτος
1486 3317 1548 3367 δὲ
1599 3317 1686 3368 καὶ
1738 3321 1844 3372 τῶν
1893 3314 1936 3368 Τ
1974 3320 2145 3368 ωϊκῶν
2196 3315 2432 3383 ὕστερον

446 3390 698 3455 φαίνεται
753 3388 1061 3455 γενόμενος.
1132 3380 1245 3438 Καί
1293 3403 1457 3452 φασιν
1508 3386 1633 3437 οὐδὲ
1684 3389 1873 3437 τοῦτον
1954 3403 1978 3435 ν
2014 3385 2300 3454 γράμμασι
2336 3384 2432 3452 τὴν

447 3457 613 3507 αὑτοῦ
664 3455 873 3524 ποηίσιν
920 3454 1251 3516 καταλιπεῖν,
1300 3453 1435 3507 ἀλλὰ
1484 3453 2041 3523 ὃιαμνημονευομένην
2093 3453 2151 3503 ἐκ
2187 3456 2295 3502 τῶν
2334 3451 2432 3502 ἀσ-
