2734 4000
1278 246 1355 258 —
1412 220 1638 276 126-—

622 372 779 430 Nam
819 370 895 431 de
934 371 1005 430 iis
1044 369 1198 428 vitiis
1240 375 1301 428 et
1340 369 1652 443 erroribus,
1692 370 1899 444 quibus
1925 386 2151 430 omnem
2177 376 2237 429 et
2261 370 2487 431 Home-

477 448 639 507 ricae
680 455 740 507 et
766 447 1028 509 Graecae
1066 446 1344 507 orationis
1383 462 1578 506 veram
1618 449 1902 507 rationem
1941 452 2279 522 pervertere
2316 447 2488 506 vide-

466 531 586 598 tur,
620 526 793 584 aliter
817 527 878 584 in
904 526 1136 583 saeculo
1164 525 1551 596 grammaticis
1576 526 1906 599 praeceptis
1933 524 2287 593 abundante,
2303 526 2487 584 aliter

466 602 528 659 in
571 603 671 661 illo
712 608 973 661 statuere
1011 602 1293 661 convenit.
1371 601 1526 660 Ante
1567 602 1719 661 enim
1759 617 1927 674 quam
1967 602 2169 673 lingua
2192 601 2270 660 ad
2295 602 2487 660 subti-

489 678 713 738 litatem
751 685 1196 752 praeceptorum
1236 678 1519 736 curiosius
1559 680 1820 738 revocari
1859 684 2070 752 coepta
2106 684 2252 750 erat,
2300 680 2489 737 etiam

475 756 786 828 ingenioso
825 756 944 815 labi
982 756 1148 814 licuit
1185 761 1247 813 et
1284 755 1634 813 inconstanti
1673 771 1804 814 esse
1828 756 1889 813 in
1912 755 2024 815 hoc
2049 771 2282 828 genere,
2323 755 2489 827 quod

476 833 713 905 ingenio
752 834 941 891 minus
981 847 1154 904 quam
1193 837 1321 890 arte
1358 833 1602 904 regitur.
1678 833 1815 906 Ipsa
1852 848 1991 891 vero
2030 848 2126 890 ars
2160 848 2334 904 quam
2361 834 2487 891 exi-

271 924 444 969 am«
471 910 599 981 guis
639 911 701 967 in
739 909 914 968 rebus
953 906 1169 978 titubet
1187 925 1419 967 cursum
1445 909 1797 982 ingredien8‚
1839 925 2125 982 quamque
2154 910 2210 967 ei
2235 924 2485 983 pronum

483 986 578 1058 sit,
625 986 761 1044 dum
789 987 943 1045 inter
980 986 1451 1045 consuetudinem
1490 987 1835 1060 scriptorum
1876 992 1937 1045 et
1960 985 2280 1058 legitimam
2303 987 2487 1046 ratio-

489 1078 620 1121 nem
661 1063 984 1121 diiudicare
1024 1062 1239 1134 studet,
1279 1062 1353 1121 ab
1394 1069 1640 1135 utraque
1665 1079 1867 1122 norma
1892 1063 2291 1137 imprudenter
2314 1063 2489 1122 aber-

474 1155 635 1213 rare,
666 1141 878 1198 nemini
905 1140 1254 1211 intelligenti
1281 1139 1588 1199 obscurum
1617 1156 1746 1199 esse
1764 1147 1979 1214 potest.
2017 1141 2223 1212 Itaque
2246 1138 2490 1199 fuerunt

481 1217 780 1274 interdum
819 1217 1053 1287 eruditi,
1094 1217 1194 1288 qui
1230 1216 1567 1290 Varronem,
1609 1224 1670 1276 et
1708 1218 1758 1276 si
1785 1218 1884 1290 qui
1907 1216 2079 1275 huius
2105 1218 2380 1290 aequales
2409 1218 2486 1275 de

97 1290 134 1333 ὑ
159 1287 370 1335 ffl-ffl‘
391 1284 452 1323 ’θ
488 1295 681 1351 causis
721 1294 999 1353 sermonis
1037 1292 1238 1351 Latini
1276 1295 1605 1366 anquirunt,
1644 1295 2017 1368 contemptim
2054 1294 2370 1353 invitarent
2407 1294 2489 1353 ad

479 1370 718 1429 scholas
758 1387 912 1443 suas,
954 1375 1020 1428 ut
1058 1386 1207 1442 quae
1247 1371 1383 1430 olim
1409 1369 1626 1429 frustra
1652 1372 2088 1443 quaesivissent,
2127 1369 2403 1430 facillime
2426 1378 2491 1430 et

481 1448 918 1505 accuratissime
972 1447 1281 1508 discerent.
1358 1448 1428 1505 In
1464 1448 1780 1522 primisque
1819 1463 1997 1521 saepe
2034 1450 2213 1522 periti
2247 1450 2487 1521 linguae

478 1523 837 1595 Hebraicae,
887 1524 1049 1582 cuius
1098 1529 1296 1583 tamen
1344 1526 1682 1596 quantillam
1729 1531 1955 1599 partem
2009 1526 2485 1598 complectantur,

487 1600 745 1659 viderint
782 1602 917 1674 ipsi,
956 1600 1226 1660 deridere
1265 1602 1454 1661 solent
1490 1601 1791 1661 Philonem
1817 1603 2114 1673 Iudaeum,
2154 1602 2486 1675 origenem,

491 1677 930 1751 Hieronymum,
969 1684 1174 1750 utpote
1200 1694 1443 1750 quorum
1469 1679 1724 1751 cognitio
1748 1677 2011 1738 florentis
2038 1679 2226 1738 adhuc
2249 1680 2489 1752 linguae

369 1758 446 1798 ²⁰⁶
483 1754 657 1826 longe
696 1761 923 1814 remota
962 1760 1091 1812 erat
1128 1754 1203 1813 ab
1244 1771 1317 1814 ea
1354 1755 1696 1828 subtilitate,
1747 1771 1921 1826 quam
1957 1754 2241 1830 professio
2280 1756 2487 1816 Gram-

486 1831 684 1889 matici
722 1832 985 1904 exigeret
993 1831 1087 1903 ⁷⁴).

636 1908 831 1979 Atque
871 1907 948 1966 ad
985 1908 1135 1967 hanc
1182 1913 1437 1967 aetatem
1478 1907 1739 1968 Graecae
1792 1910 2025 1983 linguae
2062 1911 2486 1983 retorquendus

508 1989 598 2043 est
624 1986 847 2044 animus
874 1991 1090 2058 noster,
1130 1992 1197 2044 ut
1222 1986 1297 2045 de
1323 1987 1524 2060 primis
1551 1988 1696 2047 artis
1722 1987 2055 2047 auctoribus
2078 1994 2241 2048 recte
2267 1993 2330 2047 et
2354 2005 2488 2048 cum

492 2063 794 2134 aequitate
835 2064 1172 2121 iudicemus.
1237 2064 1411 2138 Ipsae
1437 2065 1668 2136 quidem
1695 2064 1981 2124 Zenodoti
2017 2067 2343 2140 scripturae
2368 2067 2498 2125 dili-

495 2146 704 2211 genter
731 2155 1010 2199 excussae
1035 2138 1342 2200 manifesto
1368 2142 1701 2213 ostendunt,
1737 2143 1951 2200 multas
1977 2142 2411 2202 observationes
2436 2149 2498 2202 et

491 2218 726 2288 regulas
753 2218 1032 2276 sermonis
1052 2224 1314 2291 tempore
1340 2218 1498 2276 illius
1523 2220 1777 2278 nondum
1801 2221 2150 2292 constitisse,
2175 2236 2319 2292 quas
2344 2237 2499 2281 nunc

502 2293 659 2353 docti
712 2294 1043 2365 indoctique
1091 2296 1262 2367 vulgo
1316 2296 1626 2367 sequimur.
1703 2294 1789 2355 Ut
1826 2296 1900 2354 de
1939 2295 2206 2355 dualibus
2244 2314 2358 2357 non
2395 2315 2497 2372 po—

490 2543 728 2611 plarium
771 2543 933 2597 fidem
990 2542 1311 2611 ignoremus.
1392 2542 1474 2596 De
1518 2542 1623 2596 hac
1670 2548 1850 2597 autem
1907 2541 2274 2609 quaerendum
2319 2541 2499 2596 fuerat

490 2611 1165 2734 gffinssggssenffiusquam
1208 2610 1472 2665 Zenodoti
1515 2611 1780 2679 insignem
1827 2611 2107 2666 audaciam
2161 2618 2217 2664 et
2251 2611 2498 2678 ignoran-

743 2771 939 2838 “Ημεῖς
972 2774 1081 2844 γὰρ
1117 2773 1268 2834 κλέος
1300 2772 1410 2825 οἷον
1446 2773 1729 2840 ἀκούομεν,
1766 2773 1894 2825 οὐδέ
1927 2790 1980 2825 τι
2014 2770 2186 2836 ἴδμεν.

497 2868 647 2922 Nihil
681 2868 903 2935 scimus,
946 2868 1049 2921 nisi
1099 2866 1229 2936 quid
1280 2867 1336 2920 in
1380 2866 1522 2920 illius
1564 2867 1878 2921 recensione
1913 2866 2113 2920 lectum
2146 2866 2310 2921 fuerit
2344 2867 2494 2935 olim3

498 2937 565 2991 de
602 2937 799 2991 iudicio
833 2937 934 2990 viri
969 2952 1160 3004 parum
1195 2942 1434 3001 constat3
1468 2935 1562 2989 sed
1597 2936 1716 3003 ipsa
1750 2950 1838 2989 res
1872 2936 2068 3004 arguit,
2102 2936 2332 3003 plurima
2364 2936 2497 2990 vitia.

506 3021 628 3059 eum
665 3021 733 3058 ex
752 3004 1142 3073 antiquioribus
1158 3003 1395 3058 fontibus
1411 3004 1659 3070 traxisse,
1694 3019 1835 3072 quae
1858 3005 1946 3056 vel
1964 3004 2281 3058 doctissimis
2303 3004 2494 3072 poetis,

498 3074 686 3142 quales
715 3074 1069 3127 Antimachus
1103 3079 1159 3126 et
1194 3071 1549 3127 Callimachus
1584 3071 1818 3150 fuerunt,
1852 3072 2203 3181 impoqerent.

628 3177 701 3242 ⁷4)
736 3156 836 3230 Cui
871 3175 1088 3244 ignotus
1123 3181 1206 3227 est
1231 3174 1532 3242 Scioppius,
1570 3140 2491 3246 clogcifiom‘ffimmafffffflma-

498 3260 686 3299 norum
723 3243 923 3313 ubique
958 3243 1221 3312 crepans?
1274 3242 1392 3296 Nec
1427 3243 1596 3297 levius
1631 3243 1735 3297 loa.
1772 3242 2014 3311 Scaliger
2057 3250 2277 3309 questus
2311 3250 2368 3295 et
2400 3242 2491 3295 alii

503 3314 569 3366 de
607 3313 890 3366 ineruditis
936 3313 1062 3366 olim
1109 3311 1299 3365 studiis
1336 3312 1551 3379 linguae
1586 3310 1904 3365 Hebraicae.
1976 3311 2176 3366 Contra
2210 3325 2344 3378 quos
2373 3309 2489 3364 bre-

498 3381 642 3433 viter
676 3381 771 3432 sed
805 3380 1202 3434 accommodate
1237 3379 1308 3432 ad
1342 3379 1487 3433 hunc
1523 3379 1695 3433 locum
1731 3387 1970 3433 nostrum
2008 3379 2246 3446 disputat
2279 3377 2486 3435 Emest.

496 3448 694 3515 Opusc.
729 3442 914 3515 philol.
948 3463 1002 3515 p.
1037 3451 1154 3503 296.
1180 3463 1297 3516 sqq.
