2734 4000
1143 233 1488 285 ...9-

309 384 476 442 natio
517 381 938 453 quodammodo
978 382 1221 439 extorsit
1244 381 1353 440 hoc
1382 381 1623 452 consilii,
1663 385 1729 439 ut
1755 379 2096 453 colligendo,
2139 379 2319 452 quod-

313 476 543 531 cunque
572 464 764 517 textus
791 458 1112 517 rationibus
1141 459 1258 517 ullo
1283 457 1456 517 modo
1482 456 1714 530 profore
1741 458 2053 529 videretur,
2082 463 2318 515 strenue

312 552 410 594 me
452 535 527 594 ad
566 536 718 593 hunc
742 535 1095 594 recensionis
1123 535 1380 594 laborem
1408 551 1692 607 pararem.
1775 534 2066 607 Quidquid
2094 535 2320 591 interea

316 614 434 685 egi,
477 613 587 670 etsi
625 614 898 671 nonnulla
935 629 1028 670 me
1068 613 1211 670 satis
1252 617 1594 684 occupatum
1634 611 1940 683 tenebant,
1981 611 2317 677 subseciyae

313 706 532 763 operae
587 687 846 760 fuerunt3
894 689 1206 751 Homerum
1231 705 1535 760 nunquam
1575 688 1676 746 diu
1716 705 1787 746 ex
1840 690 2028 747 animo
2079 695 2140 746 et
2189 704 2320 746 con-

316 772 525 840 spectu
578 767 762 823 amisi.
841 767 990 824 Nam
1028 766 1276 838 plurima
1316 765 1580 823 videbam
1620 765 1758 823 mihi
1797 782 1911 825 non
1952 766 2134 824 solum
2162 765 2319 823 colli-

316 843 511 915 genda
549 843 653 900 sed
695 844 870 900 etiam
912 842 1189 900 discenda
1242 847 1303 899 et
1352 842 1426 900 ab
1454 842 1656 911 ¹initiis
1704 841 2119 914 pertractanda
2170 857 2317 911 esse,

317 921 532 993 quippe
572 921 673 991 qui
711 925 850 992 tum,
892 935 1065 991 quum
1105 919 1351 992 primum
1393 919 1651 988 ederem,
1704 919 1932 978 doctam
1971 920 2320 991 interpreta-

314 999 535 1055 tionem
574 998 669 1054 vix
707 997 1046 1068 attigissem.
1127 997 1331 1067 Itaque
1374 1011 1610 1054 exorsus
1651 995 1724 1053 ab
1760 995 2089 1068 Eustathio,
2132 1010 2321 1067 gram-

315 1075 588 1132 maticam
629 1078 856 1146 partem
898 1073 1020 1130 eius
1062 1072 1374 1144 diligenter
1413 1074 1694 1143 excussi3·
1721 1090 1854 1132 mox
1894 1073 2156 1145 excerpsi
2206 1072 2321 1129 lec-

315 1151 527 1221 tioneS,
569 1166 711 1221 quas
753 1151 853 1208 ille
894 1156 996 1207 aut
1034 1150 1093 1206 in
1134 1150 1390 1221 vulgatis
1435 1151 1709 1222 exemplis
1751 1152 1889 1221 suiS,
1931 1155 2033 1207 aut
2072 1150 2130 1205 in
2169 1164 2320 1206 mar-

318 1227 546 1299 ginibus
599 1243 827 1298 eorum,
888 1227 979 1284 vel
1032 1226 1171 1284 alibi
1222 1227 1512 1299 reperisse
1563 1243 1628 1283 se
1684 1226 1978 1299 proderet.
2066 1225 2319 1283 Adiunxi

317 1302 561 1376 deinde,
611 1311 849 1376 praeter
887 1309 1084 1361 cetera
1122 1310 1245 1361 tum
1282 1304 1521 1375 vulgata
1558 1303 1813 1376 Scholia,
1868 1303 2077 1362 bonum
2124 1318 2320 1360 nume-

316 1396 446 1438 rum
484 1381 827 1438 variantium
870 1386 929 1438 et
967 1386 1233 1438 notarum
1274 1380 1461 1438 critici
1515 1382 1772 1452 generis,
1824 1396 1967 1452 quas
2016 1379 2154 1438 mihi
2204 1378 2319 1436 duo

316 1473 469 1514 nunc
508 1456 985 1515 desideratissimi
1027 1458 1195 1515 amici
1237 1473 1308 1514 ex
1346 1456 1473 1516 cod.
1513 1456 1806 1529 Lipsiensi
1833 1456 2096 1515 Paullino
2138 1456 2321 1528 exsig-

316 1541 614 1605 naverant,
654 1536 713 1591 iu
752 1550 995 1592 recensu
1034 1534 1384 1592 Ernestiano
1433 1535 1692 1592 omissas
1771 1534 1976 1592 Paullo
2016 1539 2150 1607 post
2187 1549 2321 1605 pro-

319 1611 447 1684 prio
507 1611 699 1669 studio
758 1611 1015 1684 pervolvi
1074 1611 1574 1683 LexicographOS,
1643 1611 1995 1670 Scholiastas
2057 1617 2119 1668 et
2177 1610 2319 1667 alios

320 1688 737 1747 Grammaticos
778 1694 1023 1759 vetereS,
1064 1693 1203 1759 tum,
1243 1694 1418 1761 prout
1455 1693 1681 1761 tempus
1719 1704 1907 1746 meum
1947 1685 2190 1759 ferebat,
2230 1702 2322 1744 re-

318 1765 506 1835 liquos
555 1765 896 1837 scriptoreS‚
950 1781 1320 1836 quoscunque
1369 1765 1549 1822 ullum
1598 1764 1943 1824 Homericae
1994 1765 2320 1837 scripturae

321 1842 627 1913 vestigium
689 1857 922 1899 servare
981 1840 1307 1914 sperabam.
1404 1841 1610 1912 Neque
1668 1843 1823 1899 inter
1886 1841 2032 1900 haec
2089 1841 2320 1913 neglexi

319 1923 523 1990 poetas
566 1918 838 1990 GraecOS,
881 1919 942 1975 in
981 1919 1182 1991 primis
1222 1916 1663 1990 AlexandrinoS,
1703 1919 2055 1977 imitationes
2082 1917 2320 1977 Homeri

322 2001 675 2067 consectam,
716 2011 830 2055 non
868 2002 951 2067 ut,
993 1994 1276 2067 quomodo
1319 1993 1494 2055 flores
1524 1995 1750 2054 olerent
1776 1996 1837 2053 in
1863 1996 2112 2054 alienum
2138 1995 2320 2054 solum

317 2072 602 2142 translati,
645 2072 1025 2145 adverterem,
1067 2074 1179 2131 etsi
1219 2074 1342 2130 eius
1380 2072 1590 2144 studii‚.
1616 2089 1719 2131 suo
1748 2074 1874 2132 loco
1901 2072 2168 2143 adhibiti,
2207 2087 2321 2131 non

319 2148 579 2222 despicio
620 2150 998 2221 elegantiam3
1039 2149 1143 2207 sed
1182 2146 1366 2207 sicubi
1408 2150 1507 2207 isti
1534 2166 1642 2207 usu
1681 2150 1985 2208 verborum
2021 2155 2080 2207 et
2108 2164 2321 2219 genere

316 2225 609 2297 loquendi,
651 2226 726 2283 ad
765 2226 1088 2299 principem
1126 2227 1270 2284 artis
1312 2242 1472 2284 suae·
1493 2224 1872 2299 conformato,
1914 2223 2322 2297 significarent,

320 2301 464 2374 quid·
498 2303 559 2359 in
598 2303 830 2375 optimis
873 2303 1295 2376 exemplaribus
1337 2303 1492 2360 illius
1532 2303 1830 2375 legissent,
1874 2307 1976 2360 aut
2014 2301 2322 2373 legendum

320 2380 437 2452 ipsi
479 2380 854 2437 censuissent.
937 2379 1112 2438 Cuius
1155 2379 1698 2452 animadversioniS,
1750 2395 1824 2437 ne
1865 2379 1992 2450 quis
2035 2394 2162 2436 eam
2202 2379 2323 2437 lon-

322 2456 452 2528 gius
495 2462 797 2528 evagatam
838 2462 1023 2529 putet,
1064 2458 1208 2515 satis
1247 2472 1518 2528 magnum
1558 2454 1807 2514 fructum
1848 2456 2114 2529 percepi,
2155 2471 2323 2528 prae-

319 2533 521 2591 sertim
578 2548 649 2590 ex
697 2524 771 2591 iis
823 2535 1040 2605 poetis,
1089 2550 1232 2605 quos
1273 2533 1603 2604 ambiguum
1663 2537 1755 2591 est
1800 2538 2079 2606 poetasne
2132 2532 2324 2589 verius

320 2626 396 2668 an
447 2610 805 2668 litteratores
857 2609 1132 2668 dicamus,
1213 2610 1304 2667 Ita
1354 2625 1492 2667 vero
1543 2610 1805 2668 lustratis
1859 2609 2212 2668 Graecarum
2265 2615 2325 2665 et

321 2685 662 2744 Latinarum
714 2686 1038 2745 litterarum
1090 2686 1329 2745 latebris
1379 2685 1642 2745 omnibus
1658 2730 1673 2758 ,
1725 2702 1874 2757 quae
1922 2686 2149 2758 uspiam
2202 2701 2325 2743 sus-

322 2768 531 2835 ceptae
580 2762 667 2820 rei
721 2762 1114 2822 adiumentum
1166 2761 1542 2822 ostenderent
1558 2806 1572 2833 ,
1635 2762 1955 2835 grandique
2014 2763 2324 2820 lectiomnn

324 2845 387 2897 et
426 2840 757 2897 criticarum
796 2841 1153 2899 notationum
1204 2845 1492 2913 apparatu
1544 2845 1839 2898 contracto
1853 2884 1868 2911 ,
1923 2840 2078 2897 aucti
2129 2854 2324 2897 sumus

319 2916 564 2974 Venetis
592 2916 706 2973 illis
734 2922 795 2974 et
820 2916 1360 2975 Vindobonensibus
1402 2915 1734 2989 praesidiis:
1806 2917 2003 2975 Novus
2042 2915 2135 2974 hic
2174 2931 2325 2973 cam-

323 3008 433 3065 pus
474 2999 710 3066 apert-us
750 3008 958 3051 novum
997 2992 1254 3052 laborem
1294 2993 1509 3051 obiecit
1547 2994 1606 3050 in
1643 2993 1716 3050 iis
1756 2993 1928 3065 ipsis,
1969 3008 2119 3065 quae
2161 2992 2326 3050 abso-

320 3071 449 3128 luta
486 3075 772 3142 putaram.
850 3069 1132 3128 Videbam
1174 3069 1323 3127 enim
1364 3069 1572 3129 bonam
1611 3075 1836 3143 partem
1873 3068 2168 3129 confectae
2196 3069 2325 3126 viae

321 3146 464 3204 mihi
502 3145 827 3203 iterandam
869 3162 1024 3218 esse,
1073 3153 1140 3204 ut
1178 3147 1423 3219 primam
1464 3162 1708 3206 messem
1749 3163 1876 3206 cum
1916 3147 2078 3205 novis
2118 3144 2324 3219 opibus

321 3222 760 3294 contenderem,
801 3229 863 3281 et
877 3266 891 3294 ,
944 3224 995 3281 si
1034 3221 1186 3282 forte
1224 3223 1445 3295 aliquid
1483 3223 1627 3281 utile
1667 3229 1840 3282 autea
1878 3240 1985 3296 pro
2025 3223 2185 3296 spico
2226 3237 2326 3279 ne·

324 3315 498 3371 quam
536 3299 884 3372 omisissem,
937 3299 999 3357 id
1050 3316 1122 3357 ex
1170 3300 1535 3359 contentione
1574 3300 1790 3358 rectius
1832 3301 2199 3372 aestimatum
2238 3314 2325 3355 re·

321 3375 762 3450 prehenderem.
844 3377 973 3448 Qua
1010 3376 1070 3433 in
1110 3392 1291 3449 opera
1342 3393 1457 3448 quo
1509 3392 1851 3449 progressus
1902 3393 2027 3434 sum
2076 3376 2325 3448 longine,

322 3468 396 3511 eo
436 3451 757 3511 mirabilius
796 3454 1011 3511 sentire
1051 3453 1215 3526 coepi
1256 3452 1330 3511 de
1371 3453 1723 3512 Venetorum
1763 3452 2119 3512 Scholiorum
2158 3468 2326 3527 prae-

2352 2082 2397 2120 17
