<?xml version="1.0" encoding="UTF-8"?>
<!DOCTYPE html PUBLIC "-//W3C//DTD XHTML 1.0 Transitional//EN"
    "http://www.w3.org/TR/xhtml1/DTD/xhtml1-transitional.dtd">
<html xmlns="http://www.w3.org/1999/xhtml" xml:lang="en" lang="en">
 <head>
  <title>
</title>
<meta http-equiv="Content-Type" content="text/html;charset=utf-8" />
  <meta name='ocr-system' content='tesseract 3.04.00' />
  <meta name='ocr-capabilities' content='ocr_page ocr_carea ocr_par ocr_line ocrx_word'/>
</head>
<body>
  <div class='ocr_page' id='page_1' title='image "./prolegomenaadho00bekkgoog_0486.png"; bbox 0 0 2734 4000; ppageno 0'>
   <div class='ocr_carea' id='block_1_1' title="bbox 1261 210 1615 273">
    <p class='ocr_par' dir='ltr' id='par_1_1' title="bbox 1261 210 1615 273">
     <span class='ocr_line' id='line_1_1' title="bbox 1261 210 1615 273; baseline 0.003 -11"><span class='ocrx_word' id='word_1_1' title='bbox 1261 210 1485 273; x_wconf 69' lang='lat'><strong>—,-160</strong></span> <span class='ocrx_word' id='word_1_2' title='bbox 1538 235 1615 245; x_wconf 93' lang='lat'>—</span> 
     </span>
    </p>
   </div>
   <div class='ocr_carea' id='block_1_2' title="bbox 340 356 2442 587">
    <p class='ocr_par' dir='ltr' id='par_1_2' title="bbox 340 356 2442 587">
     <span class='ocr_line' id='line_1_2' title="bbox 340 356 2437 431; baseline 0.002 -16"><span class='ocrx_word' id='word_1_3' title='bbox 340 373 419 415; x_wconf 68' lang='lat' dir='ltr'><strong>no</strong></span> <span class='ocrx_word' id='word_1_4' title='bbox 442 357 518 418; x_wconf 89' lang='lat' dir='ltr'><strong>de</strong></span> <span class='ocrx_word' id='word_1_5' title='bbox 555 359 662 431; x_wconf 90' lang='lat' dir='ltr'><strong>his,</strong></span> <span class='ocrx_word' id='word_1_6' title='bbox 702 375 844 430; x_wconf 88' lang='lat' dir='ltr'><strong>quos</strong></span> <span class='ocrx_word' id='word_1_7' title='bbox 883 359 1150 431; x_wconf 79' lang='lat' dir='ltr'><strong>vulgares</strong></span> <span class='ocrx_word' id='word_1_8' title='bbox 1188 356 1415 416; x_wconf 90' lang='lat' dir='ltr'><strong>librarii</strong></span> <span class='ocrx_word' id='word_1_9' title='bbox 1453 362 1651 417; x_wconf 88' lang='lat' dir='ltr'><strong>nostro</strong></span> <span class='ocrx_word' id='word_1_10' title='bbox 1691 359 1878 416; x_wconf 80' lang='lat' dir='ltr'><strong>textui</strong></span> <span class='ocrx_word' id='word_1_11' title='bbox 1913 359 2222 418; x_wconf 85' lang='lat' dir='ltr'><strong>inculcant.</strong></span> <span class='ocrx_word' id='word_1_12' title='bbox 2287 361 2437 420; x_wconf 84' lang='lat' dir='ltr'><strong>Nam</strong></span> 
     </span>
     <span class='ocr_line' id='line_1_3' title="bbox 444 434 2438 508; baseline 0.002 -15"><span class='ocrx_word' id='word_1_13' title='bbox 444 436 583 508; x_wconf 86' lang='lat' dir='ltr'><strong>quid</strong></span> <span class='ocrx_word' id='word_1_14' title='bbox 621 437 749 496; x_wconf 93' lang='lat' dir='ltr'><strong>illos</strong></span> <span class='ocrx_word' id='word_1_15' title='bbox 789 435 1043 508; x_wconf 83' lang='lat' dir='ltr'><strong>afferam,</strong></span> <span class='ocrx_word' id='word_1_16' title='bbox 1096 435 1193 508; x_wconf 89' lang='lat' dir='ltr'><strong>qui</strong></span> <span class='ocrx_word' id='word_1_17' title='bbox 1235 435 1391 508; x_wconf 89' lang='lat' dir='ltr'><strong>apud</strong></span> <span class='ocrx_word' id='word_1_18' title='bbox 1429 434 1864 508; x_wconf 85' lang='lat' dir='ltr'><strong>Hippocratem,</strong></span> <span class='ocrx_word' id='word_1_19' title='bbox 1916 435 2237 507; x_wconf 72' lang='lat' dir='ltr'><strong>Platonem,</strong></span> <span class='ocrx_word' id='word_1_20' title='bbox 2279 438 2438 497; x_wconf 87' lang='lat' dir='ltr'><strong>Stra-</strong></span> 
     </span>
     <span class='ocr_line' id='line_1_4' title="bbox 340 511 2442 587; baseline 0.002 -18"><span class='ocrx_word' id='word_1_21' title='bbox 340 526 417 569; x_wconf 70' lang='grc' dir='ltr'><strong>κι</strong></span> <span class='ocrx_word' id='word_1_22' title='bbox 445 512 668 587; x_wconf 85' lang='lat' dir='ltr'><strong>bouem,</strong></span> <span class='ocrx_word' id='word_1_23' title='bbox 709 513 852 573; x_wconf 89' lang='lat' dir='ltr'><strong>alios</strong></span> <span class='ocrx_word' id='word_1_24' title='bbox 891 513 1179 587; x_wconf 84' lang='lat' dir='ltr'><strong>leguntur,</strong></span> <span class='ocrx_word' id='word_1_25' title='bbox 1220 518 1494 584; x_wconf 86' lang='lat' dir='ltr'><strong>tanquam</strong></span> <span class='ocrx_word' id='word_1_26' title='bbox 1534 512 1669 571; x_wconf 90' lang='lat' dir='ltr'><strong>olim</strong></span> <span class='ocrx_word' id='word_1_27' title='bbox 1709 513 1850 571; x_wconf 88' lang='lat' dir='ltr'><strong>lecti</strong></span> <span class='ocrx_word' id='word_1_28' title='bbox 1877 514 1936 571; x_wconf 90' lang='lat' dir='ltr'><strong>in</strong></span> <span class='ocrx_word' id='word_1_29' title='bbox 1963 511 2297 584; x_wconf 56' lang='lat' dir='ltr'><strong>ordinessst</strong></span> <span class='ocrx_word' id='word_1_30' title='bbox 2336 514 2442 573; x_wconf 74' lang='lat' dir='ltr'><strong>At-</strong></span> 
     </span>
    </p>
   </div>
   <div class='ocr_carea' id='block_1_3' title="bbox 449 663 853 674">
    <p class='ocr_par' dir='ltr' id='par_1_3' title="bbox 449 663 853 674">
     <span class='ocr_line' id='line_1_5' title="bbox 449 663 853 674; baseline 0 3326"><span class='ocrx_word' id='word_1_31' title='bbox 449 663 853 674; x_wconf 95' lang='lat' dir='ltr'><strong> </strong></span> 
     </span>
    </p>
   </div>
   <div class='ocr_carea' id='block_1_4' title="bbox 443 738 2448 2723">
    <p class='ocr_par' dir='ltr' id='par_1_4' title="bbox 443 738 2446 1973">
     <span class='ocr_line' id='line_1_6' title="bbox 445 738 2443 807; baseline -0.001 -10"><span class='ocrx_word' id='word_1_32' title='bbox 445 743 636 798; x_wconf 90' lang='lat' dir='ltr'><strong>mulier</strong></span> <span class='ocrx_word' id='word_1_33' title='bbox 672 740 976 795; x_wconf 81' lang='lat' dir='ltr'><strong>iudicatura</strong></span> <span class='ocrx_word' id='word_1_34' title='bbox 1011 738 1217 807; x_wconf 79' lang='lat' dir='ltr'><strong>fuisset,</strong></span> <span class='ocrx_word' id='word_1_35' title='bbox 1257 740 1302 793; x_wconf 89' lang='lat' dir='ltr'><strong>si</strong></span> <span class='ocrx_word' id='word_1_36' title='bbox 1337 754 1523 794; x_wconf 91' lang='lat' dir='ltr'><strong>omnes</strong></span> <span class='ocrx_word' id='word_1_37' title='bbox 1558 739 1683 794; x_wconf 90' lang='lat' dir='ltr'><strong>olim</strong></span> <span class='ocrx_word' id='word_1_38' title='bbox 1708 754 1742 793; x_wconf 89' lang='lat' dir='ltr'><strong>a</strong></span> <span class='ocrx_word' id='word_1_39' title='bbox 1766 739 1979 794; x_wconf 89' lang='lat' dir='ltr'><strong>Criticis</strong></span> <span class='ocrx_word' id='word_1_40' title='bbox 2012 740 2243 794; x_wconf 89' lang='lat' dir='ltr'><strong>reiectae</strong></span> <span class='ocrx_word' id='word_1_41' title='bbox 2277 741 2443 796; x_wconf 85' lang='lat' dir='ltr'><strong>inter-</strong></span> 
     </span>
     <span class='ocr_line' id='line_1_7' title="bbox 444 807 2438 880; baseline -0.002 -15"><span class='ocrx_word' id='word_1_42' title='bbox 444 811 744 880; x_wconf 89' lang='lat' dir='ltr'><strong>polationes</strong></span> <span class='ocrx_word' id='word_1_43' title='bbox 766 824 907 863; x_wconf 91' lang='lat' dir='ltr'><strong>nunc</strong></span> <span class='ocrx_word' id='word_1_44' title='bbox 934 816 1113 862; x_wconf 80' lang='lat' dir='ltr'>essent</span> <span class='ocrx_word' id='word_1_45' title='bbox 1136 808 1190 861; x_wconf 92' lang='lat' dir='ltr'><strong>in</strong></span> <span class='ocrx_word' id='word_1_46' title='bbox 1217 814 1389 861; x_wconf 84' lang='lat' dir='ltr'><strong>textu.</strong></span> <span class='ocrx_word' id='word_1_47' title='bbox 1449 809 1526 861; x_wconf 88' lang='lat' dir='ltr'><strong>At</strong></span> <span class='ocrx_word' id='word_1_48' title='bbox 1550 807 1846 876; x_wconf 88' lang='lat' dir='ltr'><strong>quaerebat</strong></span> <span class='ocrx_word' id='word_1_49' title='bbox 1870 824 1936 862; x_wconf 89' lang='lat' dir='ltr'><strong>ea</strong></span> <span class='ocrx_word' id='word_1_50' title='bbox 1949 816 2143 875; x_wconf 59' lang='lat' dir='ltr'><strong>poetam</strong></span> <span class='ocrx_word' id='word_1_51' title='bbox 2167 812 2438 876; x_wconf 64' lang='lat' dir='ltr'><strong>integrum,</strong></span> 
     </span>
     <span class='ocr_line' id='line_1_8' title="bbox 444 875 2445 948; baseline -0.001 -15"><span class='ocrx_word' id='word_1_52' title='bbox 444 895 601 948; x_wconf 89' lang='lat' dir='ltr'><strong>quem</strong></span> <span class='ocrx_word' id='word_1_53' title='bbox 637 894 734 932; x_wconf 90' lang='lat' dir='ltr'><strong>nos</strong></span> <span class='ocrx_word' id='word_1_54' title='bbox 770 878 1105 947; x_wconf 80' lang='lat' dir='ltr'>requirimus,</span> <span class='ocrx_word' id='word_1_55' title='bbox 1176 875 1330 942; x_wconf 81' lang='lat' dir='ltr'><strong>Quod</strong></span> <span class='ocrx_word' id='word_1_56' title='bbox 1367 883 1549 929; x_wconf 88' lang='lat' dir='ltr'><strong>autem</strong></span> <span class='ocrx_word' id='word_1_57' title='bbox 1585 876 1830 931; x_wconf 83' lang='lat' dir='ltr'><strong>librarios</strong></span> <span class='ocrx_word' id='word_1_58' title='bbox 1866 876 2065 945; x_wconf 87' lang='lat' dir='ltr'><strong>culpat,</strong></span> <span class='ocrx_word' id='word_1_59' title='bbox 2101 893 2234 945; x_wconf 92' lang='lat' dir='ltr'><strong>quos</strong></span> <span class='ocrx_word' id='word_1_60' title='bbox 2270 877 2445 931; x_wconf 79' lang='lat' dir='ltr'><strong>dicit?</strong></span> 
     </span>
     <span class='ocr_line' id='line_1_9' title="bbox 444 943 2446 1029; baseline -0.001 -27"><span class='ocrx_word' id='word_1_61' title='bbox 444 964 670 1029; x_wconf 79' lang='lat' dir='ltr'><strong>quorum</strong></span> <span class='ocrx_word' id='word_1_62' title='bbox 705 944 1043 1014; x_wconf 78' lang='lat' dir='ltr'><strong>temporum?</strong></span> <span class='ocrx_word' id='word_1_63' title='bbox 1079 943 1217 998; x_wconf 82' lang='lat' dir='ltr'><strong>Nam</strong></span> <span class='ocrx_word' id='word_1_64' title='bbox 1254 944 1377 998; x_wconf 84' lang='lat' dir='ltr'><strong>illae</strong></span> <span class='ocrx_word' id='word_1_65' title='bbox 1415 944 1725 999; x_wconf 90' lang='lat' dir='ltr'><strong>omissiones</strong></span> <span class='ocrx_word' id='word_1_66' title='bbox 1759 945 1927 998; x_wconf 91' lang='lat' dir='ltr'><strong>multo</strong></span> <span class='ocrx_word' id='word_1_67' title='bbox 1964 953 2088 998; x_wconf 91' lang='lat' dir='ltr'><strong>sunt</strong></span> <span class='ocrx_word' id='word_1_68' title='bbox 2120 946 2446 1000; x_wconf 85' lang='lat' dir='ltr'><strong>vetustiores</strong></span> 
     </span>
     <span class='ocr_line' id='line_1_10' title="bbox 444 1012 2445 1093; baseline -0.001 -23"><span class='ocrx_word' id='word_1_69' title='bbox 444 1016 676 1071; x_wconf 89' lang='lat' dir='ltr'><strong>hbrariis</strong></span> <span class='ocrx_word' id='word_1_70' title='bbox 711 1026 1012 1068; x_wconf 87' lang='lat' dir='ltr'><strong>nostrarum</strong></span> <span class='ocrx_word' id='word_1_71' title='bbox 1048 1012 1494 1080; x_wconf 89' lang='lat' dir='ltr'><strong>membranarum,</strong></span> <span class='ocrx_word' id='word_1_72' title='bbox 1532 1029 1756 1093; x_wconf 77' lang='lat' dir='ltr'><strong>quarum</strong></span> <span class='ocrx_word' id='word_1_73' title='bbox 1792 1013 1940 1067; x_wconf 89' lang='lat' dir='ltr'><strong>nulla</strong></span> <span class='ocrx_word' id='word_1_74' title='bbox 1975 1013 2253 1080; x_wconf 69' lang='lat' dir='ltr'><strong>dum,&#39;etsi</strong></span> <span class='ocrx_word' id='word_1_75' title='bbox 2290 1014 2445 1068; x_wconf 88' lang='lat' dir='ltr'><strong>undi-</strong></span> 
     </span>
     <span class='ocr_line' id='line_1_11' title="bbox 444 1081 2443 1153; baseline -0.001 -16"><span class='ocrx_word' id='word_1_76' title='bbox 444 1100 550 1153; x_wconf 89' lang='lat' dir='ltr'><strong>que</strong></span> <span class='ocrx_word' id='word_1_77' title='bbox 586 1090 895 1137; x_wconf 86' lang='lat' dir='ltr'><strong>contractae</strong></span> <span class='ocrx_word' id='word_1_78' title='bbox 933 1088 1085 1148; x_wconf 88' lang='lat' dir='ltr'><strong>sunt,</strong></span> <span class='ocrx_word' id='word_1_79' title='bbox 1132 1096 1200 1134; x_wconf 94' lang='lat' dir='ltr'><strong>ne</strong></span> <span class='ocrx_word' id='word_1_80' title='bbox 1259 1096 1424 1134; x_wconf 90' lang='lat' dir='ltr'><strong>unum</strong></span> <span class='ocrx_word' id='word_1_81' title='bbox 1472 1081 1686 1149; x_wconf 80' lang='lat' dir='ltr'><strong>quidem</strong></span> <span class='ocrx_word' id='word_1_82' title='bbox 1722 1098 1935 1135; x_wconf 85' lang='lat' dir='ltr'><strong>versum</strong></span> <span class='ocrx_word' id='word_1_83' title='bbox 1971 1083 2196 1150; x_wconf 89' lang='lat' dir='ltr'><strong>protulit</strong></span> <span class='ocrx_word' id='word_1_84' title='bbox 2228 1099 2443 1151; x_wconf 83' lang='lat' dir='ltr'><strong>novum,</strong></span> 
     </span>
     <span class='ocr_line' id='line_1_12' title="bbox 443 1149 2444 1234; baseline -0.001 -28"><span class='ocrx_word' id='word_1_85' title='bbox 443 1168 602 1234; x_wconf 78' lang='lat' dir='ltr'><strong>quem</strong></span> <span class='ocrx_word' id='word_1_86' title='bbox 649 1152 704 1205; x_wconf 91' lang='lat' dir='ltr'><strong>in</strong></span> <span class='ocrx_word' id='word_1_87' title='bbox 749 1151 1056 1205; x_wconf 83' lang='lat' dir='ltr'>recensione</span> <span class='ocrx_word' id='word_1_88' title='bbox 1094 1150 1397 1203; x_wconf 77' lang='lat' dir='ltr'><strong>Aristarchi</strong></span> <span class='ocrx_word' id='word_1_89' title='bbox 1439 1149 1604 1204; x_wconf 87' lang='lat' dir='ltr'><strong>fuisse</strong></span> <span class='ocrx_word' id='word_1_90' title='bbox 1651 1150 1893 1219; x_wconf 81' lang='lat' dir='ltr'>locuples</span> <span class='ocrx_word' id='word_1_91' title='bbox 1944 1151 2098 1204; x_wconf 90' lang='lat' dir='ltr'><strong>testis</strong></span> <span class='ocrx_word' id='word_1_92' title='bbox 2145 1150 2444 1220; x_wconf 84' lang='lat' dir='ltr'><strong>confirmat,</strong></span> 
     </span>
     <span class='ocr_line' id='line_1_13' title="bbox 444 1217 2444 1286; baseline -0.001 -11"><span class='ocrx_word' id='word_1_93' title='bbox 444 1222 570 1275; x_wconf 90' lang='lat' dir='ltr'><strong>hcet</strong></span> <span class='ocrx_word' id='word_1_94' title='bbox 605 1218 774 1273; x_wconf 88' lang='lat' dir='ltr'><strong>additi</strong></span> <span class='ocrx_word' id='word_1_95' title='bbox 809 1235 994 1272; x_wconf 80' lang='lat' dir='ltr'><strong>versus</strong></span> <span class='ocrx_word' id='word_1_96' title='bbox 1027 1218 1223 1286; x_wconf 87' lang='lat' dir='ltr'><strong>partim</strong></span> <span class='ocrx_word' id='word_1_97' title='bbox 1260 1217 1384 1271; x_wconf 93' lang='lat' dir='ltr'><strong>boni</strong></span> <span class='ocrx_word' id='word_1_98' title='bbox 1421 1218 1544 1286; x_wconf 89' lang='lat' dir='ltr'><strong>sint,</strong></span> <span class='ocrx_word' id='word_1_99' title='bbox 1578 1218 1776 1286; x_wconf 86' lang='lat' dir='ltr'><strong>partim</strong></span> <span class='ocrx_word' id='word_1_100' title='bbox 1812 1219 2133 1273; x_wconf 68' lang='lat' dir='ltr'><strong>tolerabiles</strong></span> <span class='ocrx_word' id='word_1_101' title='bbox 2192 1219 2332 1273; x_wconf 87' lang='lat' dir='ltr'><strong>Nam</strong></span> <span class='ocrx_word' id='word_1_102' title='bbox 2349 1220 2444 1274; x_wconf 86' lang='lat' dir='ltr'><strong>ad-</strong></span> 
     </span>
     <span class='ocr_line' id='line_1_14' title="bbox 444 1285 2445 1357; baseline -0.001 -13"><span class='ocrx_word' id='word_1_103' title='bbox 444 1287 619 1345; x_wconf 89' lang='lat' dir='ltr'>dendo</span> <span class='ocrx_word' id='word_1_104' title='bbox 655 1286 922 1341; x_wconf 91' lang='lat' dir='ltr'><strong>interdum</strong></span> <span class='ocrx_word' id='word_1_105' title='bbox 958 1302 1065 1340; x_wconf 93' lang='lat' dir='ltr'><strong>non</strong></span> <span class='ocrx_word' id='word_1_106' title='bbox 1099 1285 1390 1340; x_wconf 84' lang='lat' dir='ltr'><strong>infeliciter</strong></span> <span class='ocrx_word' id='word_1_107' title='bbox 1424 1286 1681 1354; x_wconf 88' lang='lat' dir='ltr'><strong>luserunt,</strong></span> <span class='ocrx_word' id='word_1_108' title='bbox 1715 1286 1938 1355; x_wconf 83' lang='lat' dir='ltr'><strong>perinde</strong></span> <span class='ocrx_word' id='word_1_109' title='bbox 1975 1293 2037 1340; x_wconf 93' lang='lat' dir='ltr'><strong>ut</strong></span> <span class='ocrx_word' id='word_1_110' title='bbox 2072 1288 2285 1356; x_wconf 87' lang='lat' dir='ltr'><strong>saepius</strong></span> <span class='ocrx_word' id='word_1_111' title='bbox 2319 1304 2445 1357; x_wconf 86' lang='lat' dir='ltr'><strong>pec·</strong></span> 
     </span>
     <span class='ocr_line' id='line_1_15' title="bbox 445 1354 2445 1424; baseline -0.003 -11"><span class='ocrx_word' id='word_1_112' title='bbox 445 1365 635 1413; x_wconf 84' lang='lat' dir='ltr'><strong>carunt</strong></span> <span class='ocrx_word' id='word_1_113' title='bbox 670 1355 991 1423; x_wconf 86' lang='lat' dir='ltr'><strong>omittendo,</strong></span> <span class='ocrx_word' id='word_1_114' title='bbox 1045 1354 1240 1423; x_wconf 82' lang='lat' dir='ltr'><strong>singuli</strong></span> <span class='ocrx_word' id='word_1_115' title='bbox 1273 1354 1329 1408; x_wconf 90' lang='lat' dir='ltr'><strong>in</strong></span> <span class='ocrx_word' id='word_1_116' title='bbox 1365 1355 1615 1424; x_wconf 81' lang='lat' dir='ltr'><strong>singulis3</strong></span> <span class='ocrx_word' id='word_1_117' title='bbox 1672 1372 1779 1409; x_wconf 92' lang='lat' dir='ltr'><strong>non</strong></span> <span class='ocrx_word' id='word_1_118' title='bbox 1827 1371 2011 1410; x_wconf 90' lang='lat' dir='ltr'><strong>omnes</strong></span> <span class='ocrx_word' id='word_1_119' title='bbox 2045 1357 2112 1409; x_wconf 91' lang='lat' dir='ltr'><strong>de</strong></span> <span class='ocrx_word' id='word_1_120' title='bbox 2148 1363 2445 1424; x_wconf 73' lang='lat' dir='ltr'>compacte.</span> 
     </span>
     <span class='ocr_line' id='line_1_16' title="bbox 445 1422 2445 1492; baseline -0.001 -13"><span class='ocrx_word' id='word_1_121' title='bbox 445 1427 533 1479; x_wconf 88' lang='lat' dir='ltr'><strong>Ita</strong></span> <span class='ocrx_word' id='word_1_122' title='bbox 566 1440 772 1492; x_wconf 83' lang='lat' dir='ltr'><strong>versus,</strong></span> <span class='ocrx_word' id='word_1_123' title='bbox 807 1440 965 1492; x_wconf 91' lang='lat' dir='ltr'><strong>quem</strong></span> <span class='ocrx_word' id='word_1_124' title='bbox 1000 1423 1160 1476; x_wconf 90' lang='lat' dir='ltr'><strong>Barn.</strong></span> <span class='ocrx_word' id='word_1_125' title='bbox 1199 1439 1267 1476; x_wconf 84' lang='lat' dir='ltr'><strong>ex</strong></span> <span class='ocrx_word' id='word_1_126' title='bbox 1303 1422 1664 1478; x_wconf 78' lang='lat' dir='ltr'><strong>Grammatico</strong></span> <span class='ocrx_word' id='word_1_127' title='bbox 1700 1422 1866 1477; x_wconf 90' lang='lat' dir='ltr'><strong>infimi</strong></span> <span class='ocrx_word' id='word_1_128' title='bbox 1896 1426 2016 1478; x_wconf 83' lang='lat' dir='ltr'><strong>aevi</strong></span> <span class='ocrx_word' id='word_1_129' title='bbox 2050 1424 2349 1491; x_wconf 83' lang='lat' dir='ltr'><strong>(Herodoto</strong></span> <span class='ocrx_word' id='word_1_130' title='bbox 2373 1425 2445 1480; x_wconf 85' lang='lat' dir='ltr'><strong>de</strong></span> 
     </span>
     <span class='ocr_line' id='line_1_17' title="bbox 444 1490 2446 1561; baseline -0.001 -13"><span class='ocrx_word' id='word_1_131' title='bbox 444 1493 575 1548; x_wconf 85' lang='lat' dir='ltr'><strong>Vita</strong></span> <span class='ocrx_word' id='word_1_132' title='bbox 609 1494 790 1557; x_wconf 90' lang='lat' dir='ltr'><strong>Hom.)</strong></span> <span class='ocrx_word' id='word_1_133' title='bbox 827 1501 951 1560; x_wconf 80' lang='lat' dir='ltr'><strong>post</strong></span> <span class='ocrx_word' id='word_1_134' title='bbox 989 1497 1101 1546; x_wconf 84' lang='lat'><strong>153.</strong></span> <span class='ocrx_word' id='word_1_135' title='bbox 1137 1511 1188 1544; x_wconf 85' lang='grc' dir='ltr'><strong>α.</strong></span> <span class='ocrx_word' id='word_1_136' title='bbox 1226 1490 1496 1560; x_wconf 81' lang='lat' dir='ltr'><strong>Odysseae</strong></span> <span class='ocrx_word' id='word_1_137' title='bbox 1533 1492 1761 1560; x_wconf 79' lang='lat' dir='ltr'><strong>infersit,</strong></span> <span class='ocrx_word' id='word_1_138' title='bbox 1798 1493 2025 1547; x_wconf 89' lang='lat' dir='ltr'><strong>omissus</strong></span> <span class='ocrx_word' id='word_1_139' title='bbox 2058 1493 2229 1547; x_wconf 85' lang='lat' dir='ltr'><strong>videri</strong></span> <span class='ocrx_word' id='word_1_140' title='bbox 2262 1499 2446 1561; x_wconf 84' lang='lat' dir='ltr'><strong>potest</strong></span> 
     </span>
     <span class='ocr_line' id='line_1_18' title="bbox 443 1559 2446 1631; baseline 0 -16"><span class='ocrx_word' id='word_1_141' title='bbox 443 1563 499 1616; x_wconf 93' lang='lat' dir='ltr'><strong>in</strong></span> <span class='ocrx_word' id='word_1_142' title='bbox 546 1561 697 1617; x_wconf 88' lang='lat' dir='ltr'>codd.</span> <span class='ocrx_word' id='word_1_143' title='bbox 745 1561 989 1615; x_wconf 86' lang='lat' dir='ltr'><strong>omnibus</strong></span> <span class='ocrx_word' id='word_1_144' title='bbox 1025 1560 1093 1613; x_wconf 95' lang='lat' dir='ltr'><strong>ob</strong></span> <span class='ocrx_word' id='word_1_145' title='bbox 1127 1559 1379 1628; x_wconf 91' lang='lat' dir='ltr'><strong>principii</strong></span> <span class='ocrx_word' id='word_1_146' title='bbox 1423 1560 1821 1614; x_wconf 88' lang='lat' dir='ltr'><strong>similitudinem</strong></span> <span class='ocrx_word' id='word_1_147' title='bbox 1866 1577 1986 1615; x_wconf 90' lang='lat' dir='ltr'><strong>cum</strong></span> <span class='ocrx_word' id='word_1_148' title='bbox 2036 1563 2308 1631; x_wconf 81' lang='lat' dir='ltr'><strong>proxim03</strong></span> <span class='ocrx_word' id='word_1_149' title='bbox 2387 1562 2446 1615; x_wconf 89' lang='lat' dir='ltr'><strong>ui</strong></span> 
     </span>
     <span class='ocr_line' id='line_1_19' title="bbox 446 1579 2444 1696; baseline 0.001 -12"><span class='ocrx_word' id='word_1_150' title='bbox 446 1646 596 1686; x_wconf 90' lang='lat' dir='ltr'><strong>error</strong></span> <span class='ocrx_word' id='word_1_151' title='bbox 646 1629 726 1683; x_wconf 84' lang='lat' dir='ltr'><strong>fre</strong></span> <span class='ocrx_word' id='word_1_152' title='bbox 766 1630 1108 1682; x_wconf 84' lang='lat' dir='ltr'><strong>uentissimus</strong></span> <span class='ocrx_word' id='word_1_153' title='bbox 1157 1636 1239 1682; x_wconf 91' lang='lat' dir='ltr'><strong>est</strong></span> <span class='ocrx_word' id='word_1_154' title='bbox 1283 1629 1337 1682; x_wconf 90' lang='lat' dir='ltr'><strong>in</strong></span> <span class='ocrx_word' id='word_1_155' title='bbox 1388 1630 1844 1696; x_wconf 75' lang='grc' dir='ltr'><strong><em>ὁμοιοτελεύτοις,</em></strong></span> <span class='ocrx_word' id='word_1_156' title='bbox 1900 1631 2129 1684; x_wconf 84' lang='lat' dir='ltr'><strong>maxime</strong></span> <span class='ocrx_word' id='word_1_157' title='bbox 2173 1631 2230 1683; x_wconf 93' lang='lat' dir='ltr'><strong>in</strong></span> <span class='ocrx_word' id='word_1_158' title='bbox 2289 1579 2444 1685; x_wconf 54' lang='lat' dir='ltr'>codd.</span> 
     </span>
     <span class='ocr_line' id='line_1_20' title="bbox 446 1697 2444 1766; baseline -0.001 -13"><span class='ocrx_word' id='word_1_159' title='bbox 446 1697 714 1753; x_wconf 85' lang='lat' dir='ltr'><strong>Vindobb.</strong></span> <span class='ocrx_word' id='word_1_160' title='bbox 800 1698 1067 1751; x_wconf 87' lang='lat' dir='ltr'><strong>arnesium</strong></span> <span class='ocrx_word' id='word_1_161' title='bbox 1116 1704 1295 1750; x_wconf 89' lang='lat' dir='ltr'><strong>tamen</strong></span> <span class='ocrx_word' id='word_1_162' title='bbox 1329 1697 1682 1766; x_wconf 87' lang='lat' dir='ltr'><strong>probabiliter</strong></span> <span class='ocrx_word' id='word_1_163' title='bbox 1732 1698 2136 1765; x_wconf 89' lang='lat' dir='ltr'><strong>reprehendunt</strong></span> <span class='ocrx_word' id='word_1_164' title='bbox 2171 1698 2350 1752; x_wconf 86' lang='lat' dir='ltr'><strong>Clark.</strong></span> <span class='ocrx_word' id='word_1_165' title='bbox 2387 1706 2444 1752; x_wconf 93' lang='lat' dir='ltr'><strong>et</strong></span> 
     </span>
     <span class='ocr_line' id='line_1_21' title="bbox 444 1766 2446 1834; baseline 0 -14"><span class='ocrx_word' id='word_1_166' title='bbox 444 1766 762 1834; x_wconf 79' lang='lat' dir='ltr'><strong>wesseling.</strong></span> <span class='ocrx_word' id='word_1_167' title='bbox 808 1782 862 1834; x_wconf 91' lang='lat' dir='ltr'><strong>p.</strong></span> <span class='ocrx_word' id='word_1_168' title='bbox 901 1768 1019 1821; x_wconf 82' lang='lat'><strong>756.</strong></span> <span class='ocrx_word' id='word_1_169' title='bbox 1091 1768 1164 1818; x_wconf 88' lang='lat' dir='ltr'><strong>At</strong></span> <span class='ocrx_word' id='word_1_170' title='bbox 1215 1782 1343 1820; x_wconf 86' lang='lat' dir='ltr'><strong>vero</strong></span> <span class='ocrx_word' id='word_1_171' title='bbox 1388 1766 1550 1820; x_wconf 89' lang='lat' dir='ltr'><strong>istum</strong></span> <span class='ocrx_word' id='word_1_172' title='bbox 1592 1781 1805 1819; x_wconf 84' lang='lat' dir='ltr'><strong>versum</strong></span> <span class='ocrx_word' id='word_1_173' title='bbox 1841 1782 1875 1820; x_wconf 86' lang='lat' dir='ltr'><strong>a</strong></span> <span class='ocrx_word' id='word_1_174' title='bbox 1909 1767 2055 1821; x_wconf 89' lang='lat' dir='ltr'><strong>nullo</strong></span> <span class='ocrx_word' id='word_1_175' title='bbox 2090 1774 2335 1820; x_wconf 85' lang='lat' dir='ltr'><strong>veterum</strong></span> <span class='ocrx_word' id='word_1_176' title='bbox 2367 1767 2446 1821; x_wconf 90' lang='lat' dir='ltr'><strong>ibi</strong></span> 
     </span>
     <span class='ocr_line' id='line_1_22' title="bbox 447 1834 2442 1904; baseline 0 -16"><span class='ocrx_word' id='word_1_177' title='bbox 447 1836 646 1889; x_wconf 90' lang='lat' dir='ltr'><strong>lectum</strong></span> <span class='ocrx_word' id='word_1_178' title='bbox 683 1849 816 1901; x_wconf 87' lang='lat' dir='ltr'><strong>esse,</strong></span> <span class='ocrx_word' id='word_1_179' title='bbox 852 1842 991 1888; x_wconf 87' lang='lat' dir='ltr'><strong>teste</strong></span> <span class='ocrx_word' id='word_1_180' title='bbox 1029 1834 1238 1887; x_wconf 82' lang='lat' dir='ltr'><strong>vincam</strong></span> <span class='ocrx_word' id='word_1_181' title='bbox 1275 1841 1393 1888; x_wconf 84' lang='lat' dir='ltr'><strong>tota</strong></span> <span class='ocrx_word' id='word_1_182' title='bbox 1428 1834 1646 1888; x_wconf 86' lang='lat' dir='ltr'><strong>cohorte</strong></span> <span class='ocrx_word' id='word_1_183' title='bbox 1672 1835 2169 1903; x_wconf 86' lang='lat' dir='ltr'><strong>Grammaticorum,</strong></span> <span class='ocrx_word' id='word_1_184' title='bbox 2206 1835 2299 1904; x_wconf 90' lang='lat' dir='ltr'><strong>qui</strong></span> <span class='ocrx_word' id='word_1_185' title='bbox 2320 1851 2442 1890; x_wconf 91' lang='lat' dir='ltr'>con-</span> 
     </span>
     <span class='ocr_line' id='line_1_23' title="bbox 447 1901 2445 1973; baseline 0 -16"><span class='ocrx_word' id='word_1_186' title='bbox 447 1910 656 1957; x_wconf 87' lang='lat' dir='ltr'><strong>stanter</strong></span> <span class='ocrx_word' id='word_1_187' title='bbox 690 1910 744 1956; x_wconf 92' lang='lat' dir='ltr'><strong>et</strong></span> <span class='ocrx_word' id='word_1_188' title='bbox 780 1919 885 1956; x_wconf 90' lang='lat' dir='ltr'><strong>uno</strong></span> <span class='ocrx_word' id='word_1_189' title='bbox 923 1918 1015 1957; x_wconf 88' lang='lat' dir='ltr'><strong>ore</strong></span> <span class='ocrx_word' id='word_1_190' title='bbox 1049 1902 1389 1971; x_wconf 87' lang='lat' dir='ltr'><strong>praecipiunt</strong></span> <span class='ocrx_word' id='word_1_191' title='bbox 1444 1903 1510 1956; x_wconf 91' lang='lat' dir='ltr'><strong>de</strong></span> <span class='ocrx_word' id='word_1_192' title='bbox 1547 1901 1719 1971; x_wconf 85' lang='lat' dir='ltr'><strong>figura</strong></span> <span class='ocrx_word' id='word_1_193' title='bbox 1757 1904 2150 1973; x_wconf 79' lang='grc' dir='ltr'><em>ἐπαναλήψεως</em></span> <span class='ocrx_word' id='word_1_194' title='bbox 2185 1920 2228 1957; x_wconf 90' lang='lat' dir='ltr'><strong>s.</strong></span> <span class='ocrx_word' id='word_1_195' title='bbox 2264 1905 2445 1957; x_wconf 77' lang='grc' dir='ltr'><strong><em>παλιλ-</em></strong></span> 
     </span>
    </p>

    <p class='ocr_par' dir='ltr' id='par_1_5' title="bbox 443 1968 2448 2723">
     <span class='ocr_line' id='line_1_24' title="bbox 541 1968 2444 2045; baseline 0 -20"><span class='ocrx_word' id='word_1_196' title='bbox 541 1971 623 2033; x_wconf 78' lang='grc' dir='ltr'><strong>ιάς</strong></span> <span class='ocrx_word' id='word_1_197' title='bbox 647 1993 659 2024; x_wconf 75' lang='grc' dir='ltr'><strong>ε</strong></span> <span class='ocrx_word' id='word_1_198' title='bbox 685 1969 796 2025; x_wconf 76' lang='grc' dir='ltr'><strong>Ὅτι</strong></span> <span class='ocrx_word' id='word_1_199' title='bbox 831 1971 887 2024; x_wconf 79' lang='grc' dir='ltr'><strong>ἐν</strong></span> <span class='ocrx_word' id='word_1_200' title='bbox 930 1968 1097 2025; x_wconf 78' lang='grc' dir='ltr'><strong><em>Ἰλιάδι</em></strong></span> <span class='ocrx_word' id='word_1_201' title='bbox 1134 1989 1265 2024; x_wconf 75' lang='lat' dir='ltr'><strong>avve</strong></span> <span class='ocrx_word' id='word_1_202' title='bbox 1305 1978 1382 2032; x_wconf 85' lang='grc' dir='ltr'><strong>ῶς</strong></span> <span class='ocrx_word' id='word_1_203' title='bbox 1415 1973 1535 2032; x_wconf 86' lang='grc' dir='ltr'><strong><em>ταῖς</em></strong></span> <span class='ocrx_word' id='word_1_204' title='bbox 1569 1972 1944 2042; x_wconf 80' lang='grc' dir='ltr'><strong><em>ἐπαναλήψεσι</em></strong></span> <span class='ocrx_word' id='word_1_205' title='bbox 1976 1975 2113 2045; x_wconf 81' lang='grc' dir='ltr'><em>κέχρ</em></span> <span class='ocrx_word' id='word_1_206' title='bbox 2186 1992 2255 2042; x_wconf 84' lang='grc' dir='ltr'><strong>αι,</strong></span> <span class='ocrx_word' id='word_1_207' title='bbox 2294 1972 2350 2026; x_wconf 80' lang='grc' dir='ltr'><strong>ἔν</strong></span> <span class='ocrx_word' id='word_1_208' title='bbox 2376 1991 2444 2027; x_wconf 79' lang='grc' dir='ltr'><strong>τε</strong></span> 
     </span>
     <span class='ocr_line' id='line_1_25' title="bbox 443 2038 2447 2112; baseline 0 -18"><span class='ocrx_word' id='word_1_209' title='bbox 443 2040 491 2094; x_wconf 79' lang='lat'><strong>&#39;0</strong></span> <span class='ocrx_word' id='word_1_210' title='bbox 526 2041 717 2112; x_wconf 84' lang='grc' dir='ltr'><em>υσσείᾳ</em></span> <span class='ocrx_word' id='word_1_211' title='bbox 753 2038 958 2102; x_wconf 73' lang='grc' dir='ltr'><strong><em>ἅπαξ,</em></strong></span> <span class='ocrx_word' id='word_1_212' title='bbox 997 2060 1047 2093; x_wconf 84' lang='lat' dir='ltr'><strong>a.</strong></span> <span class='ocrx_word' id='word_1_213' title='bbox 1084 2044 1166 2095; x_wconf 83' lang='lat'><strong>23.</strong></span> <span class='ocrx_word' id='word_1_214' title='bbox 1204 2039 1265 2094; x_wconf 73' lang='lat' dir='ltr'><strong>At</strong></span> <span class='ocrx_word' id='word_1_215' title='bbox 1309 2041 1463 2101; x_wconf 83' lang='grc' dir='ltr'><strong><em>ίοπας</em></strong></span> <span class='ocrx_word' id='word_1_216' title='bbox 1533 2071 1596 2081; x_wconf 92' lang='grc'><strong>-</strong></span> <span class='ocrx_word' id='word_1_217' title='bbox 1668 2057 1719 2096; x_wconf 79' lang='lat' dir='ltr'><strong>v,</strong></span> <span class='ocrx_word' id='word_1_218' title='bbox 1760 2041 1953 2096; x_wconf 85' lang='lat' dir='ltr'><strong>Scholl.</strong></span> <span class='ocrx_word' id='word_1_219' title='bbox 1993 2051 2049 2095; x_wconf 86' lang='lat' dir='ltr'><strong>et</strong></span> <span class='ocrx_word' id='word_1_220' title='bbox 2199 2048 2236 2095; x_wconf 86' lang='lat' dir='ltr'><strong>t.</strong></span> <span class='ocrx_word' id='word_1_221' title='bbox 2274 2043 2346 2096; x_wconf 79' lang='lat' dir='ltr'><strong>ad</strong></span> <span class='ocrx_word' id='word_1_222' title='bbox 2379 2041 2447 2097; x_wconf 88' lang='lat' dir='ltr'><strong>Il.</strong></span> 
     </span>
     <span class='ocr_line' id='line_1_26' title="bbox 450 2108 2444 2178; baseline 0.001 -16"><span class='ocrx_word' id='word_1_223' title='bbox 450 2112 497 2170; x_wconf 76' lang='grc' dir='ltr'><strong>ζ.</strong></span> <span class='ocrx_word' id='word_1_224' title='bbox 534 2114 645 2164; x_wconf 82' lang='lat'><strong>154.</strong></span> <span class='ocrx_word' id='word_1_225' title='bbox 685 2129 732 2162; x_wconf 86' lang='grc' dir='ltr'><strong>υ.</strong></span> <span class='ocrx_word' id='word_1_226' title='bbox 772 2113 889 2164; x_wconf 77' lang='lat'><strong>372.</strong></span> <span class='ocrx_word' id='word_1_227' title='bbox 926 2117 1026 2164; x_wconf 88' lang='lat' dir='ltr'><strong>etc.</strong></span> <span class='ocrx_word' id='word_1_228' title='bbox 1097 2108 1367 2163; x_wconf 86' lang='lat' dir='ltr'><strong>Notarunt</strong></span> <span class='ocrx_word' id='word_1_229' title='bbox 1401 2109 1505 2164; x_wconf 91' lang='lat' dir='ltr'><strong>hoc</strong></span> <span class='ocrx_word' id='word_1_230' title='bbox 1538 2124 1751 2178; x_wconf 87' lang='lat' dir='ltr'><strong>quoque</strong></span> <span class='ocrx_word' id='word_1_231' title='bbox 1788 2111 1966 2178; x_wconf 87' lang='lat' dir='ltr'><strong>Intpp.</strong></span> <span class='ocrx_word' id='word_1_232' title='bbox 2003 2111 2058 2164; x_wconf 91' lang='lat' dir='ltr'><strong>in</strong></span> <span class='ocrx_word' id='word_1_233' title='bbox 2092 2110 2444 2165; x_wconf 84' lang='lat' dir='ltr'><strong>Aristarcheo</strong></span> 
     </span>
     <span class='ocr_line' id='line_1_27' title="bbox 447 2177 2447 2248; baseline 0.001 -17"><span class='ocrx_word' id='word_1_234' title='bbox 447 2177 683 2232; x_wconf 87' lang='lat' dir='ltr'><strong>Homero</strong></span> <span class='ocrx_word' id='word_1_235' title='bbox 719 2178 917 2231; x_wconf 83' lang='lat' dir='ltr'><strong>versati</strong></span> <span class='ocrx_word' id='word_1_236' title='bbox 951 2177 1314 2231; x_wconf 88' lang='lat' dir='ltr'><strong>Masorethica</strong></span> <span class='ocrx_word' id='word_1_237' title='bbox 1348 2194 1497 2243; x_wconf 90' lang='lat' dir='ltr'><strong>cura,</strong></span> <span class='ocrx_word' id='word_1_238' title='bbox 1532 2185 1787 2232; x_wconf 89' lang='lat' dir='ltr'><strong>notarunt</strong></span> <span class='ocrx_word' id='word_1_239' title='bbox 1821 2179 1940 2246; x_wconf 90' lang='lat' dir='ltr'><strong>hoc,</strong></span> <span class='ocrx_word' id='word_1_240' title='bbox 1976 2179 2209 2248; x_wconf 87' lang='lat' dir='ltr'><strong>inquam,</strong></span> <span class='ocrx_word' id='word_1_241' title='bbox 2254 2179 2313 2232; x_wconf 92' lang='lat' dir='ltr'><strong>ni</strong></span> <span class='ocrx_word' id='word_1_242' title='bbox 2346 2178 2447 2233; x_wconf 81' lang='lat' dir='ltr'><strong>fal-</strong></span> 
     </span>
     <span class='ocr_line' id='line_1_28' title="bbox 448 2245 2448 2317; baseline 0.002 -19"><span class='ocrx_word' id='word_1_243' title='bbox 448 2246 548 2305; x_wconf 90' lang='lat' dir='ltr'><strong>lor.</strong></span> <span class='ocrx_word' id='word_1_244' title='bbox 584 2254 807 2314; x_wconf 89' lang='lat' dir='ltr'><strong>propter</strong></span> <span class='ocrx_word' id='word_1_245' title='bbox 842 2247 1006 2306; x_wconf 83' lang='grc' dir='ltr'><strong><em>τοὺς</em></strong></span> <span class='ocrx_word' id='word_1_246' title='bbox 1034 2245 1492 2317; x_wconf 75' lang='grc' dir='ltr'><em>χωρίζοντας,</em></span> <span class='ocrx_word' id='word_1_247' title='bbox 1530 2247 1621 2316; x_wconf 89' lang='lat' dir='ltr'><strong>qui</strong></span> <span class='ocrx_word' id='word_1_248' title='bbox 1656 2262 1763 2300; x_wconf 93' lang='lat' dir='ltr'><strong>non</strong></span> <span class='ocrx_word' id='word_1_249' title='bbox 1781 2248 2106 2315; x_wconf 86' lang='lat' dir='ltr'><strong>spernebant</strong></span> <span class='ocrx_word' id='word_1_250' title='bbox 2126 2255 2448 2315; x_wconf 84' lang='lat' dir='ltr'><strong>argumenta</strong></span> 
     </span>
     <span class='ocr_line' id='line_1_29' title="bbox 449 2313 2448 2383; baseline 0.001 -15"><span class='ocrx_word' id='word_1_251' title='bbox 449 2314 607 2382; x_wconf 89' lang='lat' dir='ltr'><strong>talia,</strong></span> <span class='ocrx_word' id='word_1_252' title='bbox 661 2331 823 2382; x_wconf 90' lang='lat' dir='ltr'><strong>quum</strong></span> <span class='ocrx_word' id='word_1_253' title='bbox 872 2314 1118 2382; x_wconf 84' lang='lat' dir='ltr'><strong>graviora</strong></span> <span class='ocrx_word' id='word_1_254' title='bbox 1163 2322 1530 2383; x_wconf 88' lang='lat' dir='ltr'><strong>suppeterent.</strong></span> <span class='ocrx_word' id='word_1_255' title='bbox 1603 2313 1853 2369; x_wconf 88' lang='lat' dir='ltr'><strong>Ceterum</strong></span> <span class='ocrx_word' id='word_1_256' title='bbox 1898 2331 2054 2369; x_wconf 91' lang='lat' dir='ltr'><strong>nemo</strong></span> <span class='ocrx_word' id='word_1_257' title='bbox 2101 2315 2311 2382; x_wconf 85' lang='lat' dir='ltr'><strong>videat,</strong></span> <span class='ocrx_word' id='word_1_258' title='bbox 2347 2331 2448 2369; x_wconf 85' lang='lat' dir='ltr'><strong>cur</strong></span> 
     </span>
     <span class='ocr_line' id='line_1_30' title="bbox 448 2381 2444 2451; baseline 0.002 -16"><span class='ocrx_word' id='word_1_259' title='bbox 448 2382 610 2436; x_wconf 79' lang='lat' dir='ltr'><strong>Barn.</strong></span> <span class='ocrx_word' id='word_1_260' title='bbox 648 2399 860 2436; x_wconf 84' lang='lat' dir='ltr'><strong>versum</strong></span> <span class='ocrx_word' id='word_1_261' title='bbox 896 2381 1146 2438; x_wconf 87' lang='lat' dir='ltr'><strong>habuerit</strong></span> <span class='ocrx_word' id='word_1_262' title='bbox 1180 2386 1517 2435; x_wconf 74' lang='lat' dir='ltr'><strong>necessarium</strong></span> <span class='ocrx_word' id='word_1_263' title='bbox 1542 2384 1600 2434; x_wconf 84' lang='lat' dir='ltr'><strong>ob</strong></span> <span class='ocrx_word' id='word_1_264' title='bbox 1623 2387 1971 2439; x_wconf 69' lang='lat' dir='ltr'><strong>oeconomiam.</strong></span> <span class='ocrx_word' id='word_1_265' title='bbox 2022 2385 2125 2451; x_wconf 88' lang='lat' dir='ltr'><strong>An,</strong></span> <span class='ocrx_word' id='word_1_266' title='bbox 2160 2389 2224 2437; x_wconf 79' lang='lat' dir='ltr'><strong>ut</strong></span> <span class='ocrx_word' id='word_1_267' title='bbox 2243 2384 2444 2439; x_wconf 72' lang='lat' dir='ltr'><strong>iterato</strong></span> 
     </span>
     <span class='ocr_line' id='line_1_31' title="bbox 455 2449 2444 2518; baseline 0.001 -14"><span class='ocrx_word' id='word_1_268' title='bbox 455 2450 664 2504; x_wconf 87' lang='lat' dir='ltr'><strong>Phemii</strong></span> <span class='ocrx_word' id='word_1_269' title='bbox 699 2451 910 2505; x_wconf 90' lang='lat' dir='ltr'><strong>nomine</strong></span> <span class='ocrx_word' id='word_1_270' title='bbox 948 2457 1110 2518; x_wconf 77' lang='lat' dir='ltr'><strong>poeta</strong></span> <span class='ocrx_word' id='word_1_271' title='bbox 1145 2465 1242 2504; x_wconf 92' lang='lat' dir='ltr'><strong>nos</strong></span> <span class='ocrx_word' id='word_1_272' title='bbox 1276 2458 1485 2504; x_wconf 87' lang='lat' dir='ltr'><strong>mature</strong></span> <span class='ocrx_word' id='word_1_273' title='bbox 1521 2449 1754 2505; x_wconf 87' lang='lat' dir='ltr'><strong>adducat</strong></span> <span class='ocrx_word' id='word_1_274' title='bbox 1786 2452 1855 2505; x_wconf 89' lang='lat' dir='ltr'><strong>ad</strong></span> <span class='ocrx_word' id='word_1_275' title='bbox 1878 2452 2294 2506; x_wconf 90' lang='lat' dir='ltr'><strong>misericordiam</strong></span> <span class='ocrx_word' id='word_1_276' title='bbox 2319 2468 2444 2506; x_wconf 88' lang='lat' dir='ltr'><strong>can·</strong></span> 
     </span>
     <span class='ocr_line' id='line_1_32' title="bbox 451 2519 2447 2587; baseline 0.004 -18"><span class='ocrx_word' id='word_1_277' title='bbox 451 2519 601 2585; x_wconf 86' lang='lat' dir='ltr'><strong>toris,</strong></span> <span class='ocrx_word' id='word_1_278' title='bbox 638 2535 795 2586; x_wconf 80' lang='lat' dir='ltr'><strong>quem</strong></span> <span class='ocrx_word' id='word_1_279' title='bbox 833 2519 1069 2586; x_wconf 84' lang='lat' dir='ltr'><strong>imperiis</strong></span> <span class='ocrx_word' id='word_1_280' title='bbox 1104 2535 1387 2586; x_wconf 90' lang='lat' dir='ltr'><strong>procorum</strong></span> <span class='ocrx_word' id='word_1_281' title='bbox 1423 2527 1667 2574; x_wconf 87' lang='lat' dir='ltr'><strong>coactum</strong></span> <span class='ocrx_word' id='word_1_282' title='bbox 1703 2522 1957 2574; x_wconf 90' lang='lat' dir='ltr'><strong>cecinisse</strong></span> <span class='ocrx_word' id='word_1_283' title='bbox 1993 2521 2159 2575; x_wconf 78' lang='lat' dir='ltr'><strong>dicit?</strong></span> <span class='ocrx_word' id='word_1_284' title='bbox 2212 2520 2447 2587; x_wconf 81' lang='lat' dir='ltr'><strong>Scilicet,</strong></span> 
     </span>
     <span class='ocr_line' id='line_1_33' title="bbox 449 2584 2446 2659; baseline 0.003 -22"><span class='ocrx_word' id='word_1_285' title='bbox 449 2584 541 2637; x_wconf 77' lang='grc' dir='ltr'><strong>ἵνα</strong></span> <span class='ocrx_word' id='word_1_286' title='bbox 582 2589 742 2659; x_wconf 74' lang='grc' dir='ltr'>σωθῇ</span> <span class='ocrx_word' id='word_1_287' title='bbox 778 2588 834 2638; x_wconf 81' lang='grc' dir='ltr'><strong>ἐν</strong></span> <span class='ocrx_word' id='word_1_288' title='bbox 874 2591 944 2657; x_wconf 83' lang='grc' dir='ltr'><strong>τῇ</strong></span> <span class='ocrx_word' id='word_1_289' title='bbox 979 2585 1094 2657; x_wconf 61' lang='lat' dir='ltr'><strong>Mn)</strong></span> <span class='ocrx_word' id='word_1_290' title='bbox 1199 2589 1458 2659; x_wconf 83' lang='grc' dir='ltr'><em>ροφονίᾳ,</em></span> <span class='ocrx_word' id='word_1_291' title='bbox 1512 2596 1574 2641; x_wconf 87' lang='lat' dir='ltr'><strong>ut</strong></span> <span class='ocrx_word' id='word_1_292' title='bbox 1609 2588 1686 2641; x_wconf 84' lang='lat' dir='ltr'><strong>ait</strong></span> <span class='ocrx_word' id='word_1_293' title='bbox 1718 2589 1800 2643; x_wconf 87' lang='lat' dir='ltr'><strong>br.</strong></span> <span class='ocrx_word' id='word_1_294' title='bbox 1837 2589 2010 2644; x_wconf 86' lang='lat' dir='ltr'><strong>Schol.</strong></span> <span class='ocrx_word' id='word_1_295' title='bbox 2045 2590 2184 2644; x_wconf 76' lang='lat' dir='ltr'><strong>Hem</strong></span> <span class='ocrx_word' id='word_1_296' title='bbox 2220 2605 2446 2645; x_wconf 82' lang='lat' dir='ltr'><strong>oecono-</strong></span> 
     </span>
     <span class='ocr_line' id='line_1_34' title="bbox 451 2655 1567 2723; baseline -0.001 -15"><span class='ocrx_word' id='word_1_297' title='bbox 451 2655 610 2709; x_wconf 89' lang='lat' dir='ltr'><strong>miam</strong></span> <span class='ocrx_word' id='word_1_298' title='bbox 647 2661 841 2723; x_wconf 73' lang='lat' dir='ltr'><strong>poetae</strong></span> <span class='ocrx_word' id='word_1_299' title='bbox 880 2667 935 2708; x_wconf 89' lang='lat' dir='ltr'><strong>et</strong></span> <span class='ocrx_word' id='word_1_300' title='bbox 965 2671 1122 2712; x_wconf 85' lang='lat' dir='ltr'><strong>nasos</strong></span> <span class='ocrx_word' id='word_1_301' title='bbox 1208 2657 1567 2710; x_wconf 80' lang='lat' dir='ltr'><strong>raeculorum!</strong></span> 
     </span>
    </p>
   </div>
   <div class='ocr_carea' id='block_1_5' title="bbox 445 2739 2443 3496">
    <p class='ocr_par' dir='ltr' id='par_1_6' title="bbox 445 2739 2443 3496">
     <span class='ocr_line' id='line_1_35' title="bbox 583 2739 2442 2810; baseline 0.001 -16"><span class='ocrx_word' id='word_1_302' title='bbox 583 2741 654 2808; x_wconf 82' lang='grc'><strong>46)</strong></span> <span class='ocrx_word' id='word_1_303' title='bbox 692 2739 850 2794; x_wconf 89' lang='lat' dir='ltr'><strong>Certe</strong></span> <span class='ocrx_word' id='word_1_304' title='bbox 898 2756 965 2792; x_wconf 81' lang='lat' dir='ltr'><strong>ex</strong></span> <span class='ocrx_word' id='word_1_305' title='bbox 1001 2741 1367 2809; x_wconf 81' lang='lat' dir='ltr'><strong>recognitione</strong></span> <span class='ocrx_word' id='word_1_306' title='bbox 1405 2743 1489 2796; x_wconf 83' lang='lat' dir='ltr'><strong>vel</strong></span> <span class='ocrx_word' id='word_1_307' title='bbox 1525 2742 1705 2810; x_wconf 89' lang='lat' dir='ltr'><strong>potius</strong></span> <span class='ocrx_word' id='word_1_308' title='bbox 1742 2758 1812 2795; x_wconf 81' lang='lat' dir='ltr'><strong>ex</strong></span> <span class='ocrx_word' id='word_1_309' title='bbox 1845 2742 2048 2796; x_wconf 87' lang='lat' dir='ltr'><strong>fabrica</strong></span> <span class='ocrx_word' id='word_1_310' title='bbox 2083 2742 2442 2810; x_wconf 85' lang='lat' dir='ltr'><strong>Callisthenis,</strong></span> 
     </span>
     <span class='ocr_line' id='line_1_36' title="bbox 446 2809 2441 2878; baseline 0.001 -16"><span class='ocrx_word' id='word_1_311' title='bbox 446 2823 605 2877; x_wconf 88' lang='lat' dir='ltr'><strong>quem</strong></span> <span class='ocrx_word' id='word_1_312' title='bbox 644 2824 807 2875; x_wconf 83' lang='lat' dir='ltr'><strong>supra</strong></span> <span class='ocrx_word' id='word_1_313' title='bbox 830 2824 948 2862; x_wconf 91' lang='lat' dir='ltr'><strong>cum</strong></span> <span class='ocrx_word' id='word_1_314' title='bbox 968 2809 1259 2864; x_wconf 88' lang='lat' dir='ltr'><strong>Aristotele</strong></span> <span class='ocrx_word' id='word_1_315' title='bbox 1284 2809 1568 2878; x_wconf 84' lang='lat' dir='ltr'><strong>iunximus,</strong></span> <span class='ocrx_word' id='word_1_316' title='bbox 1593 2810 1844 2864; x_wconf 89' lang='lat' dir='ltr'><strong>laudatur</strong></span> <span class='ocrx_word' id='word_1_317' title='bbox 1864 2826 2051 2864; x_wconf 84' lang='lat' dir='ltr'><strong>versus</strong></span> <span class='ocrx_word' id='word_1_318' title='bbox 2068 2827 2102 2863; x_wconf 90' lang='lat' dir='ltr'><strong>a</strong></span> <span class='ocrx_word' id='word_1_319' title='bbox 2120 2811 2294 2867; x_wconf 89' lang='lat' dir='ltr'><strong>Strab.</strong></span> <span class='ocrx_word' id='word_1_320' title='bbox 2316 2811 2441 2865; x_wconf 91' lang='lat' dir='ltr'>XII.</span> 
     </span>
     <span class='ocr_line' id='line_1_37' title="bbox 445 2876 2443 2947; baseline 0.001 -15"><span class='ocrx_word' id='word_1_321' title='bbox 445 2893 504 2945; x_wconf 83' lang='lat' dir='ltr'><strong>p.</strong></span> <span class='ocrx_word' id='word_1_322' title='bbox 542 2881 659 2931; x_wconf 86' lang='lat'><strong>542.</strong></span> <span class='ocrx_word' id='word_1_323' title='bbox 697 2878 857 2947; x_wconf 83' lang='lat'><strong>(817.)</strong></span> <span class='ocrx_word' id='word_1_324' title='bbox 894 2880 947 2929; x_wconf 90' lang='lat' dir='ltr'><strong>in</strong></span> <span class='ocrx_word' id='word_1_325' title='bbox 982 2876 1238 2946; x_wconf 82' lang='lat' dir='ltr'><strong>Catalogo</strong></span> <span class='ocrx_word' id='word_1_326' title='bbox 1275 2890 1399 2946; x_wconf 85' lang='lat' dir='ltr'><strong>post</strong></span> <span class='ocrx_word' id='word_1_327' title='bbox 1443 2884 1562 2933; x_wconf 87' lang='grc'><strong>362.</strong></span> <span class='ocrx_word' id='word_1_328' title='bbox 1619 2882 1783 2947; x_wconf 78' lang='grc'><strong>(855.)</strong></span> <span class='ocrx_word' id='word_1_329' title='bbox 1835 2882 2316 2947; x_wconf 74' lang='grc' dir='ltr'><strong><em>διεσκευασμένος,</em></strong></span> <span class='ocrx_word' id='word_1_330' title='bbox 2377 2886 2443 2933; x_wconf 80' lang='lat' dir='ltr'><strong>ut</strong></span> 
     </span>
     <span class='ocr_line' id='line_1_38' title="bbox 448 2944 2442 3014; baseline 0.002 -15"><span class='ocrx_word' id='word_1_331' title='bbox 448 2944 696 3011; x_wconf 89' lang='lat' dir='ltr'><strong>arbitror,</strong></span> <span class='ocrx_word' id='word_1_332' title='bbox 734 2948 1044 2997; x_wconf 78' lang='lat' dir='ltr'><strong>oeconomiae</strong></span> <span class='ocrx_word' id='word_1_333' title='bbox 1082 2965 1257 3008; x_wconf 79' lang='lat' dir='ltr'><strong>causa,</strong></span> <span class='ocrx_word' id='word_1_334' title='bbox 1289 2963 1356 2999; x_wconf 93' lang='lat' dir='ltr'><strong>ne</strong></span> <span class='ocrx_word' id='word_1_335' title='bbox 1396 2945 1619 3002; x_wconf 91' lang='lat' dir='ltr'><strong>Cicones</strong></span> <span class='ocrx_word' id='word_1_336' title='bbox 1656 2948 1920 3014; x_wconf 88' lang='lat' dir='ltr'><strong>abessent,</strong></span> <span class='ocrx_word' id='word_1_337' title='bbox 1956 2949 2234 3002; x_wconf 89' lang='lat' dir='ltr'><strong>memorati</strong></span> <span class='ocrx_word' id='word_1_338' title='bbox 2254 2967 2286 3000; x_wconf 81' lang='grc' dir='ltr'><strong><em>κ</em></strong></span> <span class='ocrx_word' id='word_1_339' title='bbox 2319 2953 2442 3003; x_wconf 84' lang='lat'><strong>429.</strong></span> 
     </span>
     <span class='ocr_line' id='line_1_39' title="bbox 445 3015 2440 3085; baseline 0.001 -18"><span class='ocrx_word' id='word_1_340' title='bbox 445 3020 503 3067; x_wconf 89' lang='lat' dir='ltr'><strong>et</strong></span> <span class='ocrx_word' id='word_1_341' title='bbox 532 3033 577 3067; x_wconf 85' lang='grc' dir='ltr'><strong>υ.</strong></span> <span class='ocrx_word' id='word_1_342' title='bbox 605 3017 722 3068; x_wconf 87' lang='grc'>329.</span> <span class='ocrx_word' id='word_1_343' title='bbox 771 3015 852 3067; x_wconf 91' lang='lat' dir='ltr'><strong>Ac</strong></span> <span class='ocrx_word' id='word_1_344' title='bbox 878 3029 1004 3066; x_wconf 88' lang='lat' dir='ltr'><strong>sane</strong></span> <span class='ocrx_word' id='word_1_345' title='bbox 1026 3029 1147 3067; x_wconf 90' lang='lat' dir='ltr'><strong>eum</strong></span> <span class='ocrx_word' id='word_1_346' title='bbox 1172 3015 1428 3082; x_wconf 90' lang='lat' dir='ltr'><strong>populum</strong></span> <span class='ocrx_word' id='word_1_347' title='bbox 1457 3017 1630 3069; x_wconf 88' lang='lat' dir='ltr'><strong>omitti</strong></span> <span class='ocrx_word' id='word_1_348' title='bbox 1654 3016 1986 3070; x_wconf 87' lang='lat' dir='ltr'><strong>mirabantur</strong></span> <span class='ocrx_word' id='word_1_349' title='bbox 2007 3017 2232 3085; x_wconf 87' lang='lat' dir='ltr'><strong>posthac</strong></span> <span class='ocrx_word' id='word_1_350' title='bbox 2254 3018 2440 3085; x_wconf 89' lang='lat' dir='ltr'><strong>Intpp.</strong></span> 
     </span>
     <span class='ocr_line' id='line_1_40' title="bbox 449 3081 2440 3153; baseline 0.002 -18"><span class='ocrx_word' id='word_1_351' title='bbox 449 3081 555 3136; x_wconf 89' lang='lat' dir='ltr'><strong>Sed</strong></span> <span class='ocrx_word' id='word_1_352' title='bbox 591 3083 684 3150; x_wconf 88' lang='lat' dir='ltr'><strong>qui</strong></span> <span class='ocrx_word' id='word_1_353' title='bbox 759 3089 972 3136; x_wconf 85' lang='lat' dir='ltr'><strong>oterant</strong></span> <span class='ocrx_word' id='word_1_354' title='bbox 1007 3098 1189 3136; x_wconf 89' lang='lat' dir='ltr'><strong>omnes</strong></span> <span class='ocrx_word' id='word_1_355' title='bbox 1262 3084 1567 3138; x_wconf 86' lang='lat' dir='ltr'><strong>uaestiones</strong></span> <span class='ocrx_word' id='word_1_356' title='bbox 1605 3085 1826 3152; x_wconf 88' lang='lat' dir='ltr'><strong>solvere,</strong></span> <span class='ocrx_word' id='word_1_357' title='bbox 1863 3084 2005 3139; x_wconf 90' lang='lat' dir='ltr'><strong>hunc</strong></span> <span class='ocrx_word' id='word_1_358' title='bbox 2041 3085 2347 3153; x_wconf 88' lang='lat' dir='ltr'><strong>scrupulum</strong></span> <span class='ocrx_word' id='word_1_359' title='bbox 2364 3085 2440 3139; x_wconf 93' lang='lat' dir='ltr'><strong>le-</strong></span> 
     </span>
     <span class='ocr_line' id='line_1_41' title="bbox 445 3149 2436 3218; baseline 0.003 -16"><span class='ocrx_word' id='word_1_360' title='bbox 445 3149 592 3203; x_wconf 85' lang='lat' dir='ltr'><strong>viter</strong></span> <span class='ocrx_word' id='word_1_361' title='bbox 629 3165 724 3203; x_wconf 85' lang='lat' dir='ltr'><strong>eve</strong></span> <span class='ocrx_word' id='word_1_362' title='bbox 749 3150 944 3218; x_wconf 85' lang='lat' dir='ltr'><strong>lebant,</strong></span> <span class='ocrx_word' id='word_1_363' title='bbox 982 3157 1075 3203; x_wconf 88' lang='lat' dir='ltr'><strong>aut</strong></span> <span class='ocrx_word' id='word_1_364' title='bbox 1109 3150 1232 3205; x_wconf 84' lang='lat' dir='ltr'><strong>calli</strong></span> <span class='ocrx_word' id='word_1_365' title='bbox 1273 3166 1300 3204; x_wconf 94' lang='lat' dir='ltr'><strong>e</strong></span> <span class='ocrx_word' id='word_1_366' title='bbox 1339 3153 1698 3207; x_wconf 86' lang='lat' dir='ltr'><strong>occultabant.</strong></span> <span class='ocrx_word' id='word_1_367' title='bbox 1760 3151 1898 3207; x_wconf 89' lang='lat' dir='ltr'><strong>Vide</strong></span> <span class='ocrx_word' id='word_1_368' title='bbox 1937 3152 2130 3208; x_wconf 88' lang='lat' dir='ltr'><strong>Scholl.</strong></span> <span class='ocrx_word' id='word_1_369' title='bbox 2168 3154 2238 3207; x_wconf 89' lang='lat' dir='ltr'><strong>ad</strong></span> <span class='ocrx_word' id='word_1_370' title='bbox 2273 3153 2327 3207; x_wconf 88' lang='lat' dir='ltr'><strong>ll.</strong></span> <span class='ocrx_word' id='word_1_371' title='bbox 2359 3169 2436 3208; x_wconf 91' lang='lat' dir='ltr'><strong>cc.</strong></span> 
     </span>
     <span class='ocr_line' id='line_1_42' title="bbox 449 3217 2439 3290; baseline 0.003 -20"><span class='ocrx_word' id='word_1_372' title='bbox 449 3224 504 3270; x_wconf 91' lang='lat' dir='ltr'><strong>et</strong></span> <span class='ocrx_word' id='word_1_373' title='bbox 539 3217 693 3272; x_wconf 89' lang='lat' dir='ltr'><strong>Eust.</strong></span> <span class='ocrx_word' id='word_1_374' title='bbox 772 3261 783 3271; x_wconf 93' lang='lat'><strong>.</strong></span> <span class='ocrx_word' id='word_1_375' title='bbox 821 3222 936 3273; x_wconf 86' lang='lat'><strong>359.</strong></span> <span class='ocrx_word' id='word_1_376' title='bbox 1005 3217 1188 3273; x_wconf 90' lang='lat' dir='ltr'><strong>Etiam</strong></span> <span class='ocrx_word' id='word_1_377' title='bbox 1235 3220 1506 3288; x_wconf 89' lang='lat' dir='ltr'><strong>antiquior</strong></span> <span class='ocrx_word' id='word_1_378' title='bbox 1549 3237 1665 3276; x_wconf 93' lang='lat' dir='ltr'><strong>esse</strong></span> <span class='ocrx_word' id='word_1_379' title='bbox 1712 3222 1925 3275; x_wconf 83' lang='lat' dir='ltr'><strong>videtur</strong></span> <span class='ocrx_word' id='word_1_380' title='bbox 1959 3222 2097 3277; x_wconf 88' lang='lat' dir='ltr'><strong>alius</strong></span> <span class='ocrx_word' id='word_1_381' title='bbox 2129 3238 2316 3277; x_wconf 85' lang='lat' dir='ltr'><strong>versus</strong></span> <span class='ocrx_word' id='word_1_382' title='bbox 2349 3238 2439 3290; x_wconf 81' lang='lat' dir='ltr'><strong>ap.</strong></span> 
     </span>
     <span class='ocr_line' id='line_1_43' title="bbox 447 3234 2441 3365; baseline 0.003 -27"><span class='ocrx_word' id='word_1_383' title='bbox 447 3285 619 3339; x_wconf 86' lang='lat' dir='ltr'><strong>Strab.</strong></span> <span class='ocrx_word' id='word_1_384' title='bbox 638 3234 789 3365; x_wconf 62' lang='lat' dir='ltr'><strong>Xlfi.</strong></span> <span class='ocrx_word' id='word_1_385' title='bbox 824 3303 875 3354; x_wconf 88' lang='lat' dir='ltr'><strong>p.</strong></span> <span class='ocrx_word' id='word_1_386' title='bbox 897 3290 1013 3363; x_wconf 83' lang='grc'><strong>626.</strong></span> <span class='ocrx_word' id='word_1_387' title='bbox 1043 3291 1203 3358; x_wconf 86' lang='grc'><strong>(929.)</strong></span> <span class='ocrx_word' id='word_1_388' title='bbox 1228 3287 1441 3342; x_wconf 87' lang='lat' dir='ltr'><strong>additus</strong></span> <span class='ocrx_word' id='word_1_389' title='bbox 1470 3290 1641 3344; x_wconf 92' lang='lat' dir='ltr'><strong>eidem</strong></span> <span class='ocrx_word' id='word_1_390' title='bbox 1671 3289 1839 3344; x_wconf 88' lang='lat' dir='ltr'><strong>Catal.</strong></span> <span class='ocrx_word' id='word_1_391' title='bbox 1866 3297 1991 3357; x_wconf 91' lang='lat' dir='ltr'><strong>post</strong></span> <span class='ocrx_word' id='word_1_392' title='bbox 2021 3306 2067 3343; x_wconf 85' lang='lat' dir='ltr'><strong>v.</strong></span> <span class='ocrx_word' id='word_1_393' title='bbox 2105 3292 2221 3345; x_wconf 83' lang='lat'><strong>373.</strong></span> <span class='ocrx_word' id='word_1_394' title='bbox 2255 3294 2441 3358; x_wconf 65' lang='grc'><strong>(866).</strong></span> 
     </span>
     <span class='ocr_line' id='line_1_44' title="bbox 447 3352 2441 3426; baseline 0.004 -21"><span class='ocrx_word' id='word_1_395' title='bbox 447 3352 617 3419; x_wconf 81' lang='lat' dir='ltr'><strong>Quem</strong></span> <span class='ocrx_word' id='word_1_396' title='bbox 644 3370 782 3407; x_wconf 88' lang='lat' dir='ltr'><strong>emm</strong></span> <span class='ocrx_word' id='word_1_397' title='bbox 804 3353 994 3408; x_wconf 84' lang='lat' dir='ltr'><strong>Strabo</strong></span> <span class='ocrx_word' id='word_1_398' title='bbox 1015 3360 1535 3426; x_wconf 79' lang='grc' dir='ltr'><em>προςγεγραμμένον</em></span> <span class='ocrx_word' id='word_1_399' title='bbox 1562 3355 1691 3412; x_wconf 85' lang='lat' dir='ltr'><strong>dicit</strong></span> <span class='ocrx_word' id='word_1_400' title='bbox 1716 3359 1819 3411; x_wconf 83' lang='grc' dir='ltr'><strong>ὑπὸ</strong></span> <span class='ocrx_word' id='word_1_401' title='bbox 1841 3362 2021 3422; x_wconf 75' lang='grc' dir='ltr'><strong><em>τινῶν,</em></strong></span> <span class='ocrx_word' id='word_1_402' title='bbox 2046 3374 2168 3412; x_wconf 87' lang='lat' dir='ltr'><strong>eum</strong></span> <span class='ocrx_word' id='word_1_403' title='bbox 2184 3358 2441 3412; x_wconf 76' lang='lat' dir='ltr'><strong>Eustath.</strong></span> 
     </span>
     <span class='ocr_line' id='line_1_45' title="bbox 445 3420 2439 3496; baseline 0.004 -22"><span class='ocrx_word' id='word_1_404' title='bbox 445 3434 499 3485; x_wconf 87' lang='lat' dir='ltr'><strong>p.</strong></span> <span class='ocrx_word' id='word_1_405' title='bbox 518 3423 635 3475; x_wconf 87' lang='grc'><strong>366.</strong></span> <span class='ocrx_word' id='word_1_406' title='bbox 673 3435 741 3473; x_wconf 84' lang='lat' dir='ltr'><strong>ex</strong></span> <span class='ocrx_word' id='word_1_407' title='bbox 766 3420 989 3475; x_wconf 88' lang='lat' dir='ltr'><strong>Scholiis</strong></span> <span class='ocrx_word' id='word_1_408' title='bbox 1025 3425 1150 3496; x_wconf 74' lang='lat' dir='ltr'><strong>suis,</strong></span> <span class='ocrx_word' id='word_1_409' title='bbox 1195 3424 1282 3477; x_wconf 92' lang='lat' dir='ltr'><strong>hic</strong></span> <span class='ocrx_word' id='word_1_410' title='bbox 1318 3425 1533 3491; x_wconf 87' lang='lat' dir='ltr'><strong>quidem</strong></span> <span class='ocrx_word' id='word_1_411' title='bbox 1567 3426 1915 3494; x_wconf 89' lang='lat' dir='ltr'><strong>plenioribus,</strong></span> <span class='ocrx_word' id='word_1_412' title='bbox 1969 3426 2039 3480; x_wconf 85' lang='lat' dir='ltr'><strong>ad</strong></span> <span class='ocrx_word' id='word_1_413' title='bbox 2072 3428 2439 3482; x_wconf 85' lang='lat' dir='ltr'><strong>recensionem</strong></span> 
     </span>
    </p>
   </div>
  </div>
 </body>
</html>
