2734 4000
81 400 119 431 ⁴-

160 418 203 449 Ὺ

240 378 334 437 Ἃ

1197 253 1556 306 -24-

366 400 467 461 'vel
505 403 790 475 mussitat,
829 400 1103 461 facillime
1143 402 1350 474 cuique
1388 401 1726 475 patiendum
1767 418 1829 460 se
1870 402 2020 460 vinci
2047 402 2120 461 ab
2148 403 2239 474 iis,
2281 404 2383 475 qui

375 480 679 539 obscuram
717 478 927 538 famam
968 485 1029 537 et
1067 479 1291 537 incerta
1348 495 1544 537 rerum
1582 477 1929 538 traditarum
1969 479 2216 552 vestigia
2254 497 2381 538 ver-

375 558 594 615 sutiore
661 557 923 614 acumine
987 557 1362 628 interpretari
1433 556 1638 614 sciant.
1719 556 1787 613 In
1836 556 1947 614 hac
1996 557 2146 614 enim
2194 557 2383 633 prima

377 639 598 705 aetate,
650 634 710 691 in
762 650 877 706 qua
915 632 1211 691 Homerici
1268 638 1465 692 textus
1521 633 1776 705 origines
1816 632 2185 704 quaerendae
2227 640 2377 706 sunt,

374 711 470 768 vix
508 715 683 769 tenue
724 711 916 768 lumen
953 709 1268 781 habemus3
1325 726 1439 781 quo
1480 715 1678 768 tamen
1718 714 1820 768 aut
1856 711 2046 782 perite
2083 709 2378 782 utendum,

374 792 478 845 aut
513 789 792 860 pleraque
830 786 1106 844 insecutis
1148 787 1506 860 temporibus
1550 784 1709 845 facta
1734 800 2043 860 perperam
2064 787 2381 846 existimari

372 880 612 923 necesse
653 871 760 923 est.

1292 1094 1468 1169 XII.

500 1271 721 1342 ,Ipsum
776 1270 1100 1342 ingressum
1160 1269 1413 1329 obstruit
1469 1269 1633 1328 nobis
1703 1268 2002 1342 proposita
2053 1285 2239 1342 nuper
2286 1269 2379 1326 vel

370 1347 564 1420 potius
604 1352 883 1406 renovata
923 1347 1266 1419 gravissima
1324 1347 1588 1418 quaestio
1640 1345 1714 1404 de
1760 1346 1960 1419 primis
2010 1345 2189 1405 initiis
2238 1346 2378 1403 scri—

371 1423 548 1482 bendi
582 1423 737 1497 apud
767 1424 1040 1483 Graecos.
1122 1423 1237 1483 Sed
1270 1422 1426 1481 'hanc
1464 1423 1698 1494 quidem
1722 1431 1790 1481 ut
1814 1423 2035 1481 minore
2062 1422 2377 1489 offensione

373 1505 636 1573 repetam
677 1505 754 1573 et,
795 1501 846 1558 si
885 1506 1111 1573 potero,
1162 1497 1488 1573 profligem,
1545 1501 1605 1557 in
1643 1500 1845 1574 primis
1884 1498 2178 1570 Woodiiss)
2219 1499 2377 1572 inge-

295 1595 347 1634 41
373 1578 537 1636 niosa
577 1577 824 1636 audacia
860 1575 1017 1637 fecit.
1097 1578 1249 1636 Nam
1301 1578 1351 1634 si
1392 1578 1596 1649 proavi
1634 1577 1819 1636 nostri
1858 1576 2011 1635 serio
2052 1575 2378 1634 dubitatum

375 1655 687 1726 audissent,
738 1671 874 1712 num
912 1655 1182 1727 princeps
1224 1654 1574 1727 scriptorum
1600 1653 1887 1713 Homerus
1915 1653 2221 1725 scriptoria
2248 1658 2376 1712 arte

509 1855 554 1919 8)
590 1853 656 1906 In
692 1851 1112 1906 celebratissimo
1148 1851 1315 1904 libro:
1374 1854 1465 1900 An
1503 1851 1671 1918 Eeeay
1708 1869 1774 1902 on
1809 1853 1886 1904 the
1918 1851 2139 1917 oriqinal
2178 1852 2377 1903 Genius

371 1923 435 1985 of
461 1923 667 1984 Homer,
705 1936 809 1974 sec.
845 1920 973 1974 edit.
1016 1921 1164 1975 1775.
1201 1919 1380 1987 capite
1418 1933 1500 1987 e0,
1536 1918 1682 1986 quod
1717 1926 1799 1972 est
1822 1919 1890 1973 de
1914 1918 2156 1973 oratione
2174 1925 2229 1972 et
2254 1918 2375 1973 doc-

371 1990 514 2043 trina
547 1995 759 2060 poetae.
830 1988 942 2057 Ibi,
989 1994 1051 2042 ut
1086 1987 1143 2042 in
1177 1993 1292 2042 toto
1331 1987 1497 2056 libro,
1545 1987 1705 2056 plura
1739 1993 1865 2042 sunt
1899 1987 2032 2043 scite
2068 1994 2124 2041 et
2158 1986 2375 2056 egregie
2425 1989 2442 2000 '

371 2059 771 2127 animadversa,
815 2057 918 2111 nisi
965 2057 1110 2125 quod
1145 2056 1415 2111 subtilitas
1448 2056 1563 2110 fere
1600 2056 1779 2124 deest,
1829 2057 1942 2110 sine
1979 2072 2086 2124 qua
2120 2055 2377 2110 historica

373 2126 664 2195 disputatio
700 2124 1010 2195 persuadet,
1048 2142 1155 2179 non
1190 2124 1351 2179 fidem
1387 2124 1537 2178 facit.
1590 2124 1765 2193 Igitur
1798 2124 1932 2178 illud
1967 2132 2131 2192 caput
2163 2124 2374 2192 potissi-

371 2211 516 2248 mum
550 2211 725 2263 nuper
758 2211 791 2248 a
825 2193 1070 2262 pluribus
1105 2194 1232 2247 viris
1256 2194 1429 2248 doctis
1448 2193 1773 2259 reprehendi
1797 2199 1852 2246 et
1872 2192 2151 2260 vulgarem
2172 2191 2373 2259 opinio-

371 2279 492 2316 nem
529 2263 773 2316 adiuvari
807 2263 1054 2329 vidimuS,
1092 2261 1350 2330 singulari
1386 2261 1564 2315 studio
1604 2277 1638 2313 a
1661 2260 1957 2315 Wiedebur
1996 2260 2044 2314 ‘o
2070 2261 2373 2314 Humanist.

371 2331 585 2400 Magaz;
622 2332 683 2384 T.
719 2331 762 2384 Ι.
797 2347 850 2398 p.
892 2335 1002 2384 143.
1018 2346 1131 2397 sqq.
1180 2336 1236 2382 et
1281 2329 1531 2383 Harlesio
1578 2329 1716 2383 Bibl.
1766 2329 1857 2390 Gr,
1894 2330 1976 2382 Fa
2003 2328 2105 2384 ric.
2142 2329 2204 2381 T.
2240 2329 2282 2382 Ι.
2319 2345 2374 2396 p.

370 2404 486 2453 353.
525 2399 762 2464 Quorum
798 2399 994 2451 iudicio
1030 2414 1138 2452 non
1172 2397 1524 2466 praetulerim
1561 2412 1747 2452 eorum
1782 2397 2073 2465 levitatem,
2110 2397 2202 2464 qui
2225 2396 2373 2464 inge-

368 2466 506 2521 niosi
529 2468 692 2534 Angli
728 2467 1065 2533 sententiam,
1102 2482 1214 2533 seu,
1251 2473 1313 2519 ut
1347 2466 1464 2534 ipse
1491 2465 1637 2533 dicit,
1675 2466 2037 2521 coniecturam
2060 2464 2376 2533 simpliciter

368 2535 724 2603 repetierunt,
760 2535 848 2588 vel
883 2536 939 2587 in
976 2551 1094 2588 eam
1131 2535 1301 2588 ablati
1336 2541 1463 2588 sunt
1504 2535 1741 2603 propriis
1776 2534 2073 2602 erroribus,
2117 2541 2375 2600 tanquam

368 2611 558 2657 auctor
591 2604 782 2657 libelli:
864 2604 1187 2670 Conjectural
1239 2604 1596 2655 Observations
1649 2623 1715 2655 on
1752 2604 1828 2654 the
1871 2604 2050 2670 Oriqin
2085 2604 2197 2655 and
2234 2603 2371 2652 Pro-

363 2690 504 2739 qress
539 2677 593 2734 os
629 2672 915 2738 alphabetic
949 2673 1156 2738 writiny
1191 2687 1245 2739 p.
1282 2677 1365 2727 99.
1408 2670 1735 2739 Quanquam
1771 2670 1859 2724 hic
1894 2679 2066 2724 artem
2106 2669 2375 2724 scribendi

367 2746 578 2793 tantum
611 2740 835 2793 heroum
859 2739 1267 2793 Homericorum
1294 2739 1530 2805 saeculO,
1570 2756 1679 2793 non
1702 2740 1938 2793 Homero
1964 2725 2373 2819 ereplLQihan

368 2808 458 2861 ille
496 2824 615 2860 eam
650 2808 867 2861 tandem
904 2807 1027 2861 circ.
1064 2812 1183 2864 554.
1209 2824 1242 2861 a
1267 2808 1394 2861 Chr.
1432 2807 1793 2875 vulgatiorem
1828 2807 2027 2860 factam
2064 2822 2181 2860 esse
2215 2813 2371 2874 puta·

368 2876 476 2930 bat.
514 2876 686 2930 Docte
722 2883 903 2929 autem
941 2881 1102 2943 atque
1140 2876 1423 2955 eleganter
1459 2874 1679 2929 Woodii
1715 2882 2033 2944 argumenta
2066 2873 2375 2942 percensuit

370 2960 433 2998 ac
469 2960 606 2997 novo
629 2943 870 2997 acumine
897 2943 1138 2997 defendit
1162 2943 1518 3012 philosophus
1540 2944 1824 3012 litterator,
1860 2944 2152 3009 Meflanus,
2177 2944 2234 2995 in
2253 2941 2372 2996 Dis-

369 3012 658 3066 sertatione
679 3011 899 3067 Gallicis
935 3012 1149 3080 scriptis
1173 3011 1503 3066 Academiae
1527 3012 1890 3067 Berolinensis
1913 3012 2207 3079 praeterito
2233 3027 2373 3065 anno

373 3082 690 3151 [1788-89]
712 3081 929 3148 inserta,
955 3096 1094 3147 quae
1119 3080 1265 3147 mihi,
1289 3080 1430 3134 hanc
1454 3080 1729 3148 plagulam
1748 3081 1818 3134 ad
1836 3081 2233 3150 typographum
2250 3078 2372 3132 mis-

369 3165 511 3217 suro,
531 3149 806 3203 commode
832 3148 898 3202 ab
920 3149 1089 3202 amico
1110 3147 1348 3203 offertur.
1387 3148 1473 3202 Ea
1494 3154 1692 3216 raptim
1709 3150 1849 3206 lecta
1864 3154 2266 3217 peropportune
2286 3163 2371 3199 me

369 3217 599 3285 impulit,
639 3225 698 3271 ut
721 3217 959 3271 rationes
983 3232 1129 3270 meas
1148 3216 1320 3285 magis
1345 3216 1739 3285 adstringerem
1763 3224 1818 3270 et
1841 3218 1896 3280 in
1921 3217 2081 3271 breve
2107 3231 2372 3285 cogerem,

370 3287 634 3353 pluraque
711 3285 886 3338 enitus
923 3284 1181 3353 delerem,
1240 3300 1379 3353 quae
1416 3286 1472 3337 in
1509 3286 1733 3339 eandem
1753 3285 2099 3339 'sententiam
2136 3285 2373 3351 disputa-

370 3370 568 3407 veram.
691 3353 883 3406 ruditis
937 3355 1078 3406 enim
1113 3354 1250 3407 haec
1287 3353 1622 3416 scribuntur,
1678 3354 1771 3421 qui
1807 3361 1862 3406 et
1896 3354 2046 3406 illum
2082 3354 2279 3422 legent,
2317 3359 2373 3406 et

372 3421 687 3541 apudhquos
724 3421 946 3489 singulis
979 3423 1263 3478 momentis
1298 3420 1684 3490 amplificandis
1719 3439 1827 3477 non
1845 3423 2071 3475 multum
2093 3420 2372 3491 proficitur

370 3489 427 3541 in
460 3495 518 3541 ta
544 3489 553 3499 ⁰
593 3504 669 3542 re.
