2734 4000
1149 210 1505 263 ...30-

341 363 571 431 cogant,
610 363 693 429 ut,
735 358 963 416 etiamsi
1000 358 1231 416 litterae
1272 363 1408 415 ante
1445 358 1759 417 Homerum
1799 359 1859 416 in
1887 358 2193 418 Graeciam
2232 360 2335 419 im-

341 440 610 509 portatae
651 440 846 493 essent
885 450 1103 503 omneS,
1140 440 1334 492 tamen
1374 433 1708 494 facultatem
1738 441 1799 493 et
1823 452 1991 494 usum
2020 453 2217 495 earum
2241 454 2336 496 us-

342 528 454 584 que
505 512 580 570 ad
633 512 806 569 initia
859 511 1260 585 olympiadum
1317 509 1441 571 fere
1502 512 1721 571 nullum
1781 510 1960 571 fuisse
2014 514 2337 573 credamus.

341 590 528 647 Huius
581 589 669 647 rei
709 606 885 647 causa
934 588 1098 647 nobis
1136 587 1490 647 haerendum
1539 605 1653 649 non
1694 590 1806 648 erit
1841 591 1902 646 in
1939 591 2181 649 occultis
2220 592 2338 664 pri-

339 665 578 725 mordiis
603 666 931 724 inconditae
959 667 1121 738 artis,
1174 681 1322 737 quae
1341 667 1574 739 longam
1602 666 2049 740 disputationem
2074 675 2339 741 poscunt,

341 761 378 801 a
415 743 785 812 Phoenicum,
822 743 1260 816 Aegyptiorum,
1300 743 1715 812 Hebraeorum,
1757 743 2101 804 Latinorum
2127 745 2338 804 litteris

340 837 453 878 non
495 820 927 892 seiungendam.
1006 818 1122 879 Sed
1165 836 1236 878 ex
1273 819 1433 878 hisce
1473 820 1704 893 populis
1748 837 1899 889 eum,
1940 838 2109 893 quem
2148 824 2339 895 primo

345 898 471 955 loco
512 898 828 966 nominavi,
875 913 997 954 rem
1049 897 1138 954 vel
1190 896 1345 969 apud
1395 913 1459 954 se
1496 898 1786 955 inventam
1826 897 2075 971 vidisse,
2125 899 2216 957 vel
2255 900 2341 958 ita

328 973 665 1032 excoluisse
718 980 777 1032 et
830 974 905 1032 ad
946 975 1087 1033 alios
1127 973 1389 1048 popuIOS,
1428 975 1765 1033 nominatim
1809 973 2091 1047 GraecOS,
2145 982 2343 1048 pertu-

239 1051 243 1064 “
343 1051 510 1119 lisse‚
559 1056 625 1107 ut
673 1057 875 1109 auctor
927 1052 1051 1109 eius
1108 1050 1222 1108 dici
1263 1056 1322 1108 et
1360 1050 1563 1109 haberi
1601 1056 1829 1123 posset,
1878 1056 1999 1110 tum
2037 1051 2344 1111 admodum

345 1134 614 1186 constans
655 1126 827 1200 fama,
868 1133 990 1185 tum
1028 1128 1158 1201 ipsa
1196 1126 1388 1200 figura
1413 1128 1740 1186 litterarum
1768 1128 2121 1187 Graecarum
2148 1130 2342 1188 vincit.

346 1206 471 1276 Quo
523 1210 783 1277 tempore
833 1211 1026 1263 autem
1077 1205 1178 1263 illa
1236 1205 1349 1263 tria
1389 1202 1544 1263 facta
1583 1206 1724 1276 sint,
1775 1205 2215 1264 incertissimum
2255 1211 2346 1264 est

344 1286 586 1356 propt-er
624 1288 744 1340 tam
783 1282 964 1339 multa
1000 1281 1252 1339 ludibria
1290 1280 1631 1340 fabularum.
1709 1281 2086 1341 Teneremus.
2104 1282 2344 1355 aliquid,

345 1357 456 1415 nisi
497 1359 711 1416 vetusti
753 1359 837 1416 illi
877 1359 1189 1431 scriptores
1229 1358 1580 1417 Phoenicum
1620 1358 1695 1417 ad
1734 1358 2003 1418 Phemios
2044 1365 2104 1417 et
2129 1360 2346 1419 Prona-

344 1434 515 1507 pidas
557 1434 865 1507 ablegandi
893 1442 1103 1507 essent,
1145 1440 1247 1493 aut
1274 1436 1323 1493 si
1350 1435 1469 1494 ullo
1497 1440 1735 1494 auctore
1762 1441 2072 1508 constaret,
2113 1436 2345 1507 quando

341 1513 489 1569 haec
529 1528 671 1583 gens
714 1518 773 1570 et
813 1513 904 1570 cui
944 1529 1136 1570 rerum
1165 1512 1365 1584 generi
1393 1513 1736 1584 scripturam
1765 1511 2042 1571 adhibere
2068 1515 2343 1586 coeperit.

347 1589 561 1646 Verum
600 1588 926 1647 huiusmodi
965 1590 1181 1647 nullum
1221 1604 1462 1660 usquam
1506 1594 1698 1647 exstat
1723 1590 2048 1661 vestigium,
2091 1607 2159 1648 ac
2184 1606 2257 1647 ne
2285 1591 2346 1647 in

349 1666 703 1737 commerciis
753 1665 983 1737 quidem
1040 1672 1100 1724 et
1147 1670 1476 1724 mercatura
1526 1665 1824 1725 adhibitae
1876 1682 1913 1724 a
1960 1666 2344 1726 Phoenicibus

349 1744 492 1801 artis
542 1759 681 1800 suae
732 1744 950 1802 mentio
1000 1741 1080 1802 fit.
1159 1743 1286 1803 Hoc
1338 1743 1439 1814 qui
1485 1758 1709 1801 mecum
1762 1743 2038 1812 miratuS,
2070 1749 2178 1803 *tot
2230 1743 2346 1802 alia

345 1819 559 1878 indicia
597 1818 869 1877 tardioris
907 1821 1168 1878 culturae
1205 1820 1532 1877 litterarum
1571 1819 1914 1892 perpendat,
1954 1818 2197 1878 forsitan
2224 1826 2346 1878 sta-

346 1898 448 1954 tim
489 1897 557 1969 ip
561 1955 569 1959 ,
587 1896 1064 1975 113110,,οοῃοθᾶθῖ
1104 1897 1470 1974 sententiam,
1522 1902 1604 1966 ut,
1658 1896 1937 1968 quidquid
1979 1913 2016 1955 a
2054 1898 2342 1956 nonnullis

348 1974 420 2031 de
460 1978 751 2032 vetustate
789 1971 1140 2046 frequentati
1179 1990 1317 2032 usus
1347 1989 1546 2032 earum
1564 1978 1854 2044 narratur,
1893 1979 2167 2046 tanquam
2195 1990 2344 2034 com-

342 2056 598 2109 mentum
640 2051 991 2109 Graecorum
1032 2051 1259 2109 Graeca
1295 2048 1410 2109 fide
1452 2051 1799 2109 censendum
1842 2067 1969 2109 esse
2010 2051 2340 2110 arbitretur.

267 2148 317 2185 51
496 2127 768 2200 Improba
808 2144 1037 2200 semper
1061 2127 1195 2185 huic
1223 2128 1383 2200 genti
1410 2128 1619 2200 cupido
1647 2126 1774 2199 fuit,
1816 2128 2137 2187 clarissima
2168 2144 2344 2200 quae-

348 2221 459 2277 que
486 2204 751 2262 instituta
792 2220 863 2261 ex
901 2205 1116 2262 ultimis
1144 2204 1500 2276 temporibus
1526 2204 1849 2277 repetendi,
1893 2211 1953 2264 et
1977 2210 2202 2263 tantum
2227 2222 2343 2264 non

344 2281 594 2340 omnium
619 2297 833 2353 rerum,
875 2280 1082 2353 quibus
1109 2281 1294 2341 serior
1316 2281 1643 2339 humanitas
1671 2280 1992 2353 constabat,
2031 2282 2341 2340 utilitatem

346 2359 658 2416 inventioni
695 2357 936 2416 heroum
976 2374 1207 2417 suorum
1249 2357 1643 2419 consecrandi.
1693 2358 1761 2416 Id
1788 2363 1909 2416 tum
1934 2359 2177 2416 aliarum
2202 2360 2343 2416 mul-

347 2441 535 2493 tarum
589 2441 710 2492 tum
759 2435 928 2493 huius
979 2450 1205 2506 quoque
1255 2436 1398 2493 artis
1449 2436 1665 2507 primos
1706 2436 1955 2493 cultores
1996 2435 2339 2494 obscuravit.

347 2512 497 2570 Nam
553 2512 701 2569 sicut
752 2511 1002 2583 Atlanti,
1072 2511 1302 2584 Cepheo
1366 2517 1426 2569 et
1477 2512 1672 2570 multis
1723 2512 1954 2570 illorum
2003 2512 2341 2583 aequalibus

350 2589 614 2647 notitiam
656 2587 909 2646 siderum
948 2588 1294 2661 tribuerunt,
1336 2590 1632 2661 antiquam
1671 2585 1882 2646 famam
1926 2589 2340 2661 detorquendo,

347 2667 430 2724 sic
468 2671 677 2738 poetae
718 2666 987 2723 videntur
1023 2665 1301 2738 pluribuS,
1342 2682 1485 2737 quos
1527 2665 1599 2724 ab
1640 2666 1882 2724 scientia
1907 2666 2341 2724 utilissimarum

345 2759 538 2800 rerum
578 2742 807 2800 laudari
847 2742 1174 2814 audissent,
1224 2748 1325 2800 aut
1376 2759 1616 2814 quorum
1667 2744 1876 2801 merita
1925 2743 1985 2799 in
2033 2743 2341 2800 humanum

332 2854 338 2859 ·
346 2837 527 2892 genus
571 2820 848 2878 extollere
888 2819 1119 2891 vellent,
1160 2821 1499 2891 praeclarae
1535 2819 1706 2878 huius
1747 2820 1889 2877 artis
1929 2835 2034 2877 seu
2074 2820 2340 2878 inventae

344 2912 450 2955 seu
491 2897 796 2968 insigniter
827 2895 1165 2954 emendatae
1205 2897 1618 2968 percultaeque
1643 2896 1874 2954 laudem
1898 2896 2190 2954 tribuisse.
2230 2897 2339 2968 Ita,

345 2990 518 3044 quum
559 2974 687 3031 illos
713 2989 1055 3045 progressus
1080 2989 1193 3030 non
1221 2972 1663 3045 distinguerent,
1702 2972 2024 3045 Aeschylus
2050 2989 2174 3031 rem
2199 2972 2340 3031 Pro-

270 3012 280 3171 J
343 3051 573 3108 metheo
624 3067 746 3123 suo,
796 3050 898 3107 alii
940 3049 1198 3121 Cecropi,
1250 3049 1349 3107 alii
1403 3049 1652 3121 Orpheo,
1704 3050 1803 3107 alii
1851 3049 2020 3121 Lino,
2070 3050 2339 3122 plerique

264 3174 274 3233 1
350 3127 592 3198 Cadmo,
645 3127 900 3185 nonnulli
951 3125 1252 3184 Palamedi
1313 3125 1860 3217 assignaveruntss).
1949 3127 2112 3185 Haec
2171 3126 2339 3185 dissi-

481 3308 554 3373 13)
590 3305 678 3360 Sic
709 3303 1001 3372 Euripides
1035 3302 1092 3356 in
1124 3303 1292 3358 nobili
1327 3304 1545 3371 Fragm.
1581 3302 1886 3358 Palamedis
1922 3318 2009 3371 ap.
2047 3303 2336 3358 Stobaeum

343 3375 545 3429 Florile
585 3413 598 3426 .
633 3375 695 3428 T.
731 3372 976 3427 LXXXI.
1046 3371 1188 3426 Nam
1236 3371 1303 3426 de
1349 3386 1510 3425 sensu
1542 3371 1734 3427 horum
1767 3386 2047 3439 versuum,
2104 3372 2234 3425 item
2268 3369 2335 3424 de

344 3443 559 3511 Aeschy
581 3443 599 3495 i
617 3444 735 3498 loco
745 3441 919 3496 Prom.
933 3445 1068 3509 459„
1086 3438 1503 3496 dissentiendum
1517 3439 1704 3508 putavi
1717 3439 1786 3495 ab
1805 3439 2053 3508 opinione
2063 3439 2335 3493 Hemster-
