2734 4000
1104 268 1327 320 ——145
1389 295 1455 303 —-

287 422 480 475 tamen
528 416 690 474 ullus·
729 416 954 474 illorum
998 415 1367 488 Criticorum,
1412 416 1564 488 quod
1605 416 1838 488 quidem
1877 420 2128 487 constet,
2168 431 2270 473 un-

286 510 455 565 quam
494 494 579 551 ita
616 499 877 551 versatus
919 498 1009 550 est
1046 494 1104 549 in
1154 498 1319 550 textu
1358 494 1707 565 tragicorum
1761 498 1860 551 aut
1900 493 2140 552 aliorum
2178 509 2269 550 re-

285 571 601 629 centiorum
640 575 970 642 poetarum:
1012 570 1121 628 soli
1161 570 1509 629 vetustiores
1538 568 1719 627 ἀοιδοὶ
1746 570 2092 643 petebantur
2118 569 2270 628 omni

284 648 519 706 licentia
558 648 960 719 mutationum,
1001 648 1420 705 correctionum
1434 689 1451 715 ‚
1499 648 2003 720 interpolationum
2017 691 2032 718 ,
2069 647 2270 704 litura-

282 724 523 796 rum1⁸);
567 741 637 782 ex
676 740 786 794 quo
825 725 996 796 plane
1035 730 1297 796 apparet,
1340 740 1467 782 eam
1507 725 1794 783 licentiam
1833 730 1955 782 tum
1993 724 2268 796 temporis

281 818 394 861 non
433 818 637 860 novam
675 799 853 859 fuisse
868 845 883 872 ,
934 807 1108 872 atque
1149 801 1295 859 adeo
1337 817 1409 858 ex
1446 807 1584 860 nota
1622 799 1852 860 fortuna
1892 799 2102 859 ἀοιδῶν
2139 816 2270 859 auc-

282 880 575 939 toritatem
617 878 901 950 quandam
943 884 1003 936 et
1041 879 1291 958 speciem
1329 879 1572 937 rationis
1611 880 1875 936 traxisse.

1096 1090 1410 1165 XLVII.

431 1263 646 1322 Verum
686 1265 800 1322 ista
839 1265 1029 1323 omnia
1072 1265 1157 1322 sic
1199 1264 1386 1337 accipi
1424 1264 1616 1334 nolim,
1658 1263 1824 1334 quasi
1862 1262 2040 1321 bonos
2081 1267 2142 1321 et
2177 1278 2269 1320 ac-

282 1346 510 1399 curatos
555 1341 953 1400 emendatores
992 1358 1199 1414 negem
1242 1342 1492 1413 antiquis
1535 1345 1594 1398 et
1635 1340 1933 1411 exquisitis
1973 1338 2268 1398 codicibus

282 1433 418 1476 usos
485 1434 631 1490 esse,
700 1418 883 1490 iisque
951 1419 1353 1491 comparandis
1417 1418 1721 1490 genuinam
1779 1414 2018 1474 formam
2075 1421 2266 1474 textus

279 1495 650 1566 quaesivisse.
728 1496 809 1553 At
848 1497 1096 1567 genuina
1135 1497 1247 1553 illis
1288 1494 1399 1554 fuit
1441 1511 1527 1567 ea,
1568 1510 1717 1565 quae
1754 1499 1985 1565 poetam
2023 1493 2267 1551 maxime

280 1571 498 1635 decere
528 1571 848 1631 videbatur.
926 1573 993 1630 In
1034 1589 1164 1644 quc,
1203 1588 1372 1630 nemo
1411 1589 1525 1631 non
1563 1570 1739 1642 videt,
1791 1572 1981 1629 omnia
2018 1569 2268 1642 denique

280 1647 355 1706 ad
374 1648 892 1707 Alexandrinorum
912 1650 1203 1721 ingenium
1232 1655 1291 1707 et
1311 1649 1612 1707 arbitrium
1633 1647 1843 1705 redire.
1887 1647 2267 1719 Quamobrem

276 1726 340 1783 in
378 1731 541 1783 tanta
578 1733 811 1797 tamque
862 1727 1200 1785 calamitosa
1253 1728 1425 1784 ruina
1476 1725 1834 1797 antiquitatis
1879 1724 2268 1797 prosperrime

281 1803 497 1874 evenit,
549 1808 617 1860 ut
654 1804 704 1860 is
743 1804 1103 1875 potissimum
1142 1819 1343 1861 manus
1385 1803 1718 1862 admoveret
1755 1803 1945 1874 operi,
1996 1800 2268 1873 probare-

283 1884 493 1951 turque
517 1881 782 1952 maxime,
810 1881 909 1952 qui
936 1887 1095 1938 certe
1123 1897 1236 1939 non
1265 1885 1421 1938 esset
1446 1880 1505 1936 in
1534 1873 1949 1951 audacissime,
1969 1878 2068 1950 qui
2093 1893 2269 1950 saepe
2294 1887 2368 1928 2³⁷

277 1956 669 2016 Zenodoteam
695 1958 1082 2016 temeritatem
1112 1963 1431 2026 coerceret,
1458 1957 1555 2029 qui
1570 1971 1737 2015 veras
1759 1956 2034 2015 sermonis
2056 1954 2267 2015 Graeci

277 2034 440 2106 leges
502 2036 833 2093 acutissime
893 2036 1139 2093 omnium
1204 2036 1571 2107 intelligeret.
1669 2032 1785 2092 Sed
1834 2032 1908 2092 de
1956 2033 2046 2091 his
2092 2032 2266 2092 rebus

278 2112 473 2185 paullo
525 2117 673 2184 post,
714 2111 812 2170 ubi
852 2113 1128 2185 exemplis
1168 2112 1482 2185 propositis
1521 2110 1911 2185 probatissimi
1938 2109 2137 2169 Critici
2183 2110 2268 2166 in-

280 2189 511 2260 genium
551 2195 611 2247 et
648 2194 833 2247 artem
871 2189 1209 2248 describam.

431 2266 523 2323 Ea
564 2267 824 2338 exempla
849 2272 1077 2339 sumpta
1101 2271 1236 2324 sunt
1257 2282 1327 2324 ex
1343 2266 1603 2337 reliquiis
1623 2268 1857 2320 duarum
1893 2265 2267 2336 rQ'onum‚

280 2358 429 2414 quae
470 2343 604 2401 olim
645 2342 720 2400 ad
747 2342 1144 2402 Aristarchum
1183 2341 1604 2402 referebantur.
1683 2340 1864 2412 quue
1903 2341 2099 2398 statim
2177 2345 2268 2398 ost

277 2424 520 2478 mortem
561 2420 684 2477 eius
722 2417 936 2477 factum
976 2421 1244 2479 arbitror.
1325 2421 1476 2479 Nam
1518 2435 1690 2491 quum
1727 2416 2088 2495 Ammonius,
2135 2356 2266 2475 Rii-

277 2484 492 2555 starcffi‘
532 2495 763 2555 auditor
804 2502 862 2554 et
901 2513 1201 2556 successor
1239 2497 1299 2555 in
1341 2497 1552 2555 Schola
1588 2483 2006 2566 maanaim,
2054 2492 2265 2551 librum

279 2572 576 2646 scriberet,
601 2571 729 2650 περὶ
756 2571 856 2629 τοῦ
876 2570 958 2651 μὴ
983 2570 1271 2651 γεγονέναι
1296 2572 1560 2637 πλείονας
1585 2567 1852 2635 ἐκδόσεις
1873 2571 1976 2649 τῆς
1994 2567 2266 2703 Ἀοισταί-

272 2647 441 2729 χείου
481 2647 863 2727 διορθώσεως
873 2649 965 2722 l⁹),
1006 2667 1282 2723 perquam
1324 2650 1603 2709 credibile
1645 2654 1752 2720 est,
1791 2650 1905 2706 iam
1931 2653 2053 2705 tum
2080 2646 2195 2720 dup
2225 2647 2265 2691 '-

278 2742 403 2785 cem
432 2726 740 2786 editionem
767 2743 873 2785 seu
892 2726 1105 2801 duplex
1132 2728 1454 2800 exemplum
1479 2725 1888 2785 Aristarcheae
1913 2724 2263 2788 recensionis

279 2804 339 2861 in
373 2805 588 2862 museis
629 2802 982 2864 circumferri
1020 2805 1296 2877 coepisse.
1368 2805 1530 2876 Quae
1568 2802 1761 2876 opinio
1800 2808 1863 2861 et
1898 2799 2051 2860 fama
2090 2801 2261 2859 etiam

413 3000 484 3066 1⁸)
519 2998 642 3053 Non
678 3014 814 3052 unus
835 2998 1128 3053 Homerus:
1167 2998 1267 3051 etsi
1302 2996 1597 3064 rem-apud
1629 2995 1771 3050 hunc
1805 2993 2035 3048 maxime
2058 2993 2262 3050 idoneis

39 3081 40 3128 ι
278 3071 335 3121 et
382 3067 542 3121 certis
586 3067 794 3121 indiciis
834 3072 1091 3120 tenemus.
1161 3065 1360 3126 Verum
1397 3067 1489 3134 qui
1524 3063 1590 3118 de
1620 3062 1858 3118 'Hesiodo
1895 3062 2119 3131 dubitet,
2162 3080 2263 3119 nec

276 3135 297 3187 i
336 3150 514 3189 sarum
546 3136 659 3189 eius
689 3136 1032 3215 reliquiarum
1067 3134 1245 3204 specie
1278 3141 1585 3189 moveatur.
1636 3131 1935 3185 meminerit
1967 3130 2123 3185 modo
2157 3132 2262 3186 loci

277 3151 420 3257 iflius
453 3204 510 3256 in
544 3204 692 3258 Theo
732 3219 869 3271 onia,
918 3208 980 3257 18
1016 3203 1257 3257 versibus
1292 3202 1437 3256 aucti
1472 3217 1540 3255 ex
1560 3185 1708 3254 ‘libro
1743 3198 1942 3254 veteris
1978 3198 2262 3269 Chrysippi

277 3271 425 3340 apud
460 3272 648 3327 Galen.
734 3288 762 3325 e
797 3272 1057 3339 Hippocr.
1098 3277 1152 3325 et
1186 3271 1322 3325 Plat.
1349 3270 1541 3338 Dogm.
1568 3268 1665 3323 III.
1705 3274 1838 3322 extr.
1877 3266 1939 3320 T.
1973 3267 2016 3321 Ι.
2053 3283 2105 3334 p.
2140 3272 2256 3324 273.

414 3357 484 3419 19)
520 3356 652 3411 Vide
688 3357 1022 3424 praeclarum
1059 3356 1232 3411 Schol.
1272 3372 1301 3410 e
1337 3355 1567 3426 Didymo
1605 3368 1719 3408 exc.
1741 3353 1811 3408 ad
1834 3373 1880 3406 κ.
1908 3355 2023 3409 397.
2093 3353 2259 3407 Liber
2333 3424 2336 3427 ἢ

277 3424 327 3479 is
359 3425 507 3478 haud
542 3425 699 3479 dubie
735 3425 876 3478 idem
911 3432 1008 3491 est,
1045 3425 1136 3493 qui
1171 3423 1240 3478 ad
1262 3443 1313 3478 τ.
1340 3428 1456 3480 365.
1483 3423 1694 3489 citatur,
1730 3440 1808 3494 ⁷572
1816 3442 1858 3492 p
1856 3421 1957 3490 Lg-
1950 3426 2042 3502 32⁹3
2066 3427 2240 3482 ⁴&tissa

280 3493 1111 3631 dggfifflfflcboewc,
1150 3498 1205 3546 et
1239 3493 1375 3547 haec
1409 3492 1640 3548 fortasse
1676 3505 1803 3544 vera
1835 3487 2127 3558 inscriptio.

400 3599 426 3629 o
440 3589 508 3633 lt.
538 3589 873 3638 Proleoeomona.
1686 3631 1692 3638 ⁸
1907 3587 1955 3626 10
