2734 4000
1195 233 1426 286 -112
1480 259 1556 269 —

368 383 544 455 plane
584 380 852 440 effectum
888 385 1049 454 puto,
1088 396 1265 439 unum
1302 380 1517 453 ubique
1538 384 1773 454 poetam
1806 379 2240 455 Colophonium,
2270 382 2376 443 So-

267 469 344 510 183
370 460 548 518 cratis
593 459 895 530 aequalem
909 500 922 524 ,
983 457 1426 530 intelligendum
1481 473 1637 517 esse.
1736 456 2010 518 Ceterum
2061 459 2379 532 specimina

367 536 483 595 ista
501 535 659 594 haud
683 550 956 608 magnum
980 534 1146 594 nobis
1168 533 1523 594 desiderium
1548 540 1785 595 movent
1808 535 1977 593 huius
2009 537 2376 610 exemplaris.

368 613 628 672 Tametsi
660 612 843 671 'etiam
894 611 991 669 hic
1041 610 1618 671 animadvertendum
1659 617 1779 684 est,
1830 610 1904 671 de
1944 613 2213 672 universo
2250 629 2377 674 cor-

367 706 510 763 pore
550 688 828 748 iudicium
862 686 992 747 fieri
1029 704 1145 748 non
1183 705 1358 761 posse
1400 704 1473 746 ex
1511 694 1631 747 tam
1670 689 1908 748 minutis
1957 690 2221 749 articulis
2238 734 2254 762 ‚
2316 696 2379 749 et

371 783 441 826 ea
479 768 625 839 ipsa,
678 781 828 838 quae
866 764 1031 824 nobis
1071 766 1282 826 vitiosa
1323 770 1388 824 et
1424 765 1682 825 absurda
1720 764 1908 824 videri
1948 765 2191 840 debent,
2239 766 2379 827 olim

367 838 630 916 ‘plurimis
673 841 1098 915 exemplaribus
1137 840 1389 902 fortasse
1428 843 1753 901 communia
1791 841 1990 901 fuisse.

526 918 642 979 Sed
682 924 958 991 quantum
998 935 1172 979 caeco
1212 921 1375 979 casui
1413 918 1699 979 debeatur
1738 920 1799 977 in
1839 919 2248 980 conservandis
2285 920 2379 980 his

369 997 632 1056 articulis
685 1001 746 1055 et
782 994 1042 1054 frustulis
1059 1040 1074 1068 ,
1125 995 1501 1056 memorabile
1553 996 1958 1056 documentum
2007 996 2269 1055 videmus
2318 998 2379 1055 in

370 1090 457 1146 eo,
501 1072 653 1146 quod
696 1072 820 1131 eius
859 1073 1230 1146 recensionis,
1272 1088 1425 1146 quae
1463 1074 1636 1147 vulgo
1678 1073 1756 1132 ad
1781 1072 2159 1133 Aristotelem
2194 1071 2378 1133 refer-

367 1155 481 1227 tur,
539 1150 643 1229 τῆς
683 1145 757 1207 ἐκ
796 1147 898 1206 τοῦ
938 1168 966 1207 ν
989 1147 1007 1167 ’
1048 1146 1258 1226 θηκος,
1313 1166 1389 1208 119
1439 1150 1621 1209 semel
1673 1150 1910 1222 quidem
1958 1151 2173 1210 mentio
2213 1149 2278 1210 fit
2316 1151 2378 1209 in

369 1227 614 1287 Scholiis
651 1226 885 1287 nostris.
967 1168 1178 1297 ffehrs
1217 1227 1398 1286 Arist.
1435 1244 1494 1299 p.
1537 1230 1695 1300 245]
1774 1226 2107 1299 Apponitur
2143 1227 2378 1299 quidem

366 1305 702 1364 Aristotelis
743 1304 1062 1363 auctoritas
1102 1304 1163 1361 in
1201 1303 1455 1375 quadam
1496 1305 1784 1363 varietate
1822 1303 2108 1377 lectioniS,
2147 1321 2262 1364 non
2290 1305 2377 1363 sic

367 1386 581 1454 tamen,
639 1387 706 1440 ut
743 1380 804 1439 id
845 1397 918 1440 ex
953 1381 1292 1440 recensione
1330 1381 1435 1439 illa
1471 1374 1775 1441 {notatum
1816 1396 1947 1439 esse
1986 1380 2375 1454 appareatss).

364 1459 571 1530 Neque
611 1474 748 1518 vero
788 1457 1025 1517 aliunde
1065 1457 1333 1516 subvenit
1373 1459 1589 1518 certior
1627 1458 1839 1517 notitia
1865 1456 2229 1517 celeberrimi
2253 1475 2373 1518 mo-

365 1536 642 1607 numenti,
670 1534 843 1608 quod,
871 1539 1024 1593 teste
1050 1533 1385 1606 Plutarcho,
1418 1534 1602 1593 solam
1627 1533 1817 1593 Iliada
1844 1535 2143 1593 continuit.
2194 1534 2374 1594 Prae-

364 1618 531 1703 terea
577 1613 898 1685 comparati
946 1611 1099 1670 inter
1147 1626 1211 1670 se
1263 1610 1609 1670 Plutarchus
1662 1617 1723 1671 et
1763 1610 1973 1671 Strabo
2027 1609 2371 1684 significant,
2481 1673 2487 1678 ,

366 1706 426 1747 111
477 1706 547 1748 ea
599 1689 848 1762 plurium
896 1688 1189 1747 hominum
1238 1686 1538 1747 doctorum
1596 1693 1656 1746 et
1705 1688 1887 1761 ipsius
1926 1687 2248 1747 Alexandri
2285 1688 2371 1747 M.

260 1782 339 1823 184
368 1765 786 1825 emendatrices
837 1781 1040 1824 manus
1099 1771 1412 1836 occupatas
1471 1763 1652 1824 fuisse
1665 1764 1762 1836 4⁷).
1853 1764 2074 1838 Quodsi
2123 1770 2371 1837 uterque

363 1843 567 1904 horum
605 1843 949 1916 scriptorum
975 1840 1120 1902 fidos
1148 1840 1325 1900 duces
1354 1846 1587 1900 secutus
1619 1847 1728 1914 est,
1768 1841 2104 1901 Alexander
2121 1843 2372 1915 primum

364 1937 401 1980 a
437 1920 718 1992 magistro
760 1919 1040 1992 Stagirita
1079 1923 1393 1991 acceperat
1429 1918 1642 1977 librum
1681 1919 1863 1992 illum,
1908 1934 2079 1990 quem
2117 1935 2250 1979 mox
2276 1935 2370 1978 co-

361 2102 604 2178 P.·..¹243·
689 2097 889 2152 Prioris
935 2100 1059 2151 sunt
1094 2095 1152 2149 hi
1186 2095 1321 2150 loci:
1394 2094 1464 2150 ad
1492 2107 1567 2149 ἀ.
1608 2098 1651 2148 1.
1702 2094 1764 2163 β.
1800 2098 1851 2149 2.
1906 2111 1957 2163 r.
1998 2095 2113 2150 19¹7.
2169 2094 2214 2151 δ.
2249 2097 2370 2149 400.

361 2175 481 2240 2139.
518 2183 607 2249 (ef.
643 2182 713 2237 ad
751 2202 794 2234 ν.
831 2185 949 2237 999.
987 2200 1031 2236 0.
1073 2183 1214 2252 119.)
1254 2199 1302 2236 ε.
1328 2180 1387 2233 in
1419 2180 1568 2236 brev.
1603 2179 1779 2235 schol.
1808 2183 1927 2234 389.
1965 2180 2009 2240 ε.
2029 2183 2148 2234 200.
2184 2179 2371 2235 mss.

363 2270 411 2330 Ε.
464 2259 582 2325 ἶθῖ).
617 2258 739 2324 5-0‘0.
773 2287 828 2337 ρ.
871 2271 983 2322 133.
1020 2268 1080 2332 ψ.
1114 2271 1236 2323 845.
1272 2286 1332 2320 ω.
1369 2270 1454 2322 23.
1529 2265 1693 2319 Plura
1745 2265 1801 2319 in
1845 2253 1935 2318 h'is
1979 2263 2201 2332 indigna
2246 2270 2374 2318 sunt

363 2337 520 2393 docto
557 2343 737 2407 poeta,
774 2341 829 2389 et
865 2350 895 2389 e
931 2335 1125 2403 quibus
1159 2336 1227 2390 de
1264 2334 1553 2403 disciplina
1579 2332 1943 2401 Stesimbroti,
1980 2333 2132 2387 cuius
2153 2332 2244 2386 ille
2268 2331 2374 2386 dis-

360 2402 1001 2527 {ffnffllussogffiegssaffrmr’
1025 2419 1133 2458 non
1168 2404 1372 2471 optime
1410 2402 1702 2456 existimes
1763 2401 1873 2456 Sed
1907 2402 1965 2454 in
1999 2400 2064 2455 iis
2098 2400 2373 2454 immorari

495 2560 570 2626 46)
598 2557 720 2611 vid.
763 2557 833 2612 ad
873 2557 931 2623 β.
969 2561 1052 2611 53.
1089 2556 1184 2611 ubi
1217 2556 1276 2609 in
1312 2575 1363 2609 α.
1405 2559 1503 2612 187
1510 2595 1523 2607 .
1578 2552 1719 2607 ἄντα
1769 2552 2035 2608 scribitur.
2116 2553 2252 2608 Fide
2292 2552 2368 2607 di·

361 2627 552 2695 gniora
585 2632 726 2694 sunt,
773 2640 914 2694 quae
949 2625 1236 2680 traduntur
1270 2624 1340 2679 ad
1387 2643 1429 2693 φ
1484 2628 1607 2678 252.
1647 2629 1703 2677 et
1737 2621 1795 2675 in
1831 2620 2108 2675 Theocriti
2143 2621 2371 2676 Scholiis

360 2695 430 2750 ad
466 2695 653 2764 Odyss.
692 2713 744 2750 π.
786 2697 900 2749 176.
936 2693 1028 2746 ubi
1061 2710 1112 2749 v.
1146 2692 1387 2761 Barnea,
1423 2693 1585 2760 longe
1624 2707 1694 2746 ue
1730 2689 1891 2759 plura
1926 2704 1996 2743 ex
2029 2690 2134 2744 hoc
2168 2705 2372 2769 genere

359 2765 417 2817 in
450 2764 582 2832 ipsis
616 2762 752 2830 Opp.
791 2763 1016 2816 Aristot.
1087 2763 1170 2841 Ac
1188 2761 1338 2841 ,talia
1373 2761 1431 2814 in
1463 2762 1530 2840 iis
1573 2709 1725 2839 sib-ris
1763 2757 1894 2837 eius²
1942 2757 2035 2826 qui
2059 2764 2365 2879 lperierunt,

360 2830 765 2900 aliquammulta
797 2830 961 2885 fuisse
998 2829 1254 2885 credibile
1293 2836 1375 2885 est
1430 2835 1600 2883 etiam
1635 2828 2024 2881 illustrationes
2081 2833 2349 2881 ectionum

359 2899 656 2955 cuiusmodi
701 2898 795 2952 illa
841 2903 923 2953 est
969 2914 1055 2966 ap.
1107 2898 1320 2953 Aelian.
1365 2871 1433 2953 ᾗ.
1472 2899 1538 2951 Α.
1583 2895 1711 2975 Xy,
1757 2898 1840 2949 28.
1912 2895 1978 2947 In
2026 2893 2249 2949 Venetis
2295 2865 2370 2948 ad

358 2969 418 3034 β.
441 2971 559 3023 447.
599 2973 654 3022 et
691 2985 722 3022 ι.
747 2971 830 3022 21.
867 2966 1034 3021 cuivis
1070 2973 1315 3036 apparet,
1350 2967 1535 3021 Aristo
1547 2965 1669 3019 telis
1695 2979 1891 3019 nomen
1909 2963 2223 3018 mutandum
2248 2977 2370 3017 esse

359 3039 414 3091 in
449 3035 844 3106 Aristophanis.

493 3123 566 3188 4⁷)
602 3120 780 3177 Strab.
815 3120 970 3177 XIII.
1005 3136 1058 3188 p.
1083 3124 1203 3175 594.
1239 3121 1402 3186 (888.)
1437 3118 1579 3175 Plut.
1618 3117 1681 3172 in
1715 3116 1874 3196 Alex.
1909 3134 1965 3185 p.
2000 3119 2117 3172 668.
2152 3116 2222 3170 D.
2279 3115 2370 3195 De

357 3189 656 3246 Alexandri
690 3188 867 3244 studio
902 3188 1309 3242 Homericorum
1332 3187 1639 3242 Garminum
1680 3185 1806 3240 vide
1823 3186 1925 3239 v1ri
1948 3191 2200 3239 accurate
2219 3182 2367 3238 docti

359 3259 451 3316 Ste
489 3258 652 3312 Croix
685 3258 933 3312 Examen
970 3256 1065 3311 des
1100 3256 1389 3309 historiens
1425 3254 1796 3310 d’Alexandre
1835 3253 1884 3307 le
1912 3252 2001 3307 Gr.
2041 3269 2095 3321 p.
2127 3257 2259 3320 113„
2296 3250 2370 3306 de

360 3328 592 3381 editione
638 3333 820 3380 autem
873 3331 941 3397 τῇ
991 3326 1050 3376 ἐκ
1105 3327 1204 3376 τοῦ
1250 3324 1319 3375 νά
1357 3325 1521 3394 θηκος
1555 3321 1882 3378 dissidentes
1919 3321 2149 3390 Giphan.
2186 3319 2370 3374 Praef.

360 3395 429 3448 ad
463 3394 524 3447 Il.
563 3401 618 3447 et
652 3395 868 3448 Kuster.
908 3392 978 3447 ad
1013 3392 1157 3447 Suid.
1197 3391 1258 3445 T.
1356 3431 1367 3444 .
1404 3408 1457 3460 p.
1494 3396 1546 3447 8.
1590 3401 1646 3444 et
1684 3390 1973 3444 Burmann.
2012 3389 2126 3444 Sec.
2163 3387 2233 3442 ad
2254 3387 2370 3442 Va·—

358 3463 453 3517 les.
488 3461 752 3517 Emendd.
789 3478 845 3529 p.
888 3466 1000 3516 155.
