2734 4000
491 395 752 472 dedisse3
793 401 952 460 cuius
992 402 1079 462 rei
1118 403 1378 463 recensio
1420 403 1658 464 Homeri
1685 422 1722 465 a
1749 403 1957 466 Wolfio
1999 407 2142 466 editi
2181 407 2240 465 in
2281 407 2465 482 Ephe-

490 511 805 572 meridibus
844 513 1221 588 senensibus,
1271 515 1558 589 praefatio
1607 515 1684 576 ad
1723 518 1941 578 scholia
1980 518 2217 577 Homeri
2259 526 2318 579 et
2355 526 2466 580 stu-

488 625 586 686 dia
650 627 982 702 Homerica,
1050 645 1197 702 quae
1257 631 1317 689 in
1381 629 1696 691 Academia
1758 614 2120 690 Berolinensi
2184 632 2468 705 praelegit

486 740 813 801 testimonia
850 741 1158 816 praebent,
1215 742 1437 815 quibus
1460 759 1610 802 nunc
1647 740 1931 802 accedunt
1971 743 2371 802 annotationes
2408 743 2466 800 in

483 853 908 926 prolegomena.

635 963 893 1023 Bekkeri
942 969 1109 1025 notas
1147 965 1257 1025 hoc
1295 964 1460 1039 signo
1499 964 1819 1025 notavimus
1863 966 1888 1038 [
1965 968 2010 1039 ].
2086 965 2281 1040 Ipsum
2318 962 2492 1022 Bek--

480 1075 611 1137 keri
649 1077 942 1152 exemplar
979 1077 1367 1138 bibliothecae
1404 1076 1815 1139 Universitatis
1854 1076 2247 1137 Berolinensis
2287 1075 2466 1136 tradi-

490 1188 694 1250 dimus.

635 1302 933 1364 Secundae
973 1319 1143 1376 quam
1181 1320 1331 1363 nunc
1372 1303 1587 1379 publici
1621 1303 1784 1393 juris
1811 1301 2051 1365 facimus
2092 1300 2333 1362 editioni
2370 1300 2469 1361 ad-

475 1413 669 1477 dimus
739 1431 887 1488 quae
934 1415 1183 1475 nondum
1237 1416 1397 1477 edita
1440 1421 1574 1476 sunt
1622 1417 1807 1491 partis
1858 1414 2145 1475 secundae
2197 1414 2468 1474 disserta-

481 1524 653 1586 tionis
693 1524 1012 1587 Wolfianae
1052 1526 1378 1601 fragmenta
1417 1545 1489 1588 ex
1528 1529 1733 1602 quibus
1775 1532 2049 1603 apparet,
2100 1523 2370 1586 Wolfium
2409 1527 2468 1585 in

482 1636 668 1697 animo
736 1638 1006 1697 habuisse
1075 1637 1461 1711 disquisitioni
1527 1640 1836 1700 historicae
1909 1640 2173 1700 criticam
2234 1639 2468 1723 addere.

480 1747 646 1808 Duae
687 1754 916 1810 exstant
951 1750 1122 1824 hujus
1161 1753 1346 1826 partis
1389 1752 1753 1812 recensiones
1794 1768 2033 1825 quarum
2076 1752 2261 1811 altera
2300 1749 2473 1810 docet

481 1859 620 1932 quid
659 1860 928 1921 utilitatis
969 1861 1045 1921 ad
1071 1863 1310 1922 Homeri
1349 1864 1603 1937 linguam
1624 1861 1999 1936 judicandam
2028 1879 2099 1922 ex
2126 1862 2471 1923 Scholiasta-

478 1988 606 2032 rum
646 1974 1069 2035 commentariis
1111 1976 1241 2051 capi
1279 1976 1481 2051 possit,
1522 1976 1709 2036 altera
1750 1991 1898 2049 quae
1941 1973 2254 2035 similitudo
2294 1975 2470 2034 inter-

479 2083 650 2145 cedat
687 2086 841 2146 inter
877 2086 1196 2147 Bibliorum
1238 2093 1298 2148 et
1338 2088 1655 2148 carminum
1694 2088 1932 2148 Homeri
1969 2087 2286 2147 historiam.

630 2197 907 2258 Neutrius
936 2198 1340 2273 disputationis
1373 2197 1557 2258 forma
1586 2203 1713 2257 erat
1738 2196 2032 2269 absoluta;
2072 2197 2357 2257 nonnullis
2384 2198 2469 2257 lo-

480 2307 567 2366 cis
609 2308 759 2367 enim
799 2308 1227 2369 emendationes
1258 2313 1424 2367 erant
1456 2308 1784 2383 adscriptae
1825 2325 1985 2381 quaS,
2007 2325 2079 2368 ne
2106 2309 2366 2381 legentes
2394 2310 2468 2368 iis

477 2418 896 2493 fraudaremUS,
955 2436 1150 2480 omnes
1203 2421 1261 2479 in
1323 2420 1475 2479 notis
1525 2419 1708 2478 textui
1757 2419 2118 2491 subjecimus.
2218 2420 2471 2493 Operam

478 2531 739 2590 dedimus
793 2536 857 2590 ut
904 2532 1113 2592 librum
1151 2531 1583 2605 typothetarum
1638 2530 1858 2589 mendis
1900 2547 2069 2604 quam
2108 2531 2469 2591 liberrimum

478 2625 873 2703 studiosorum
902 2643 1162 2703 manibus
1203 2642 1580 2703 traderemus.
