2734 4000
305 1201 354 1240 87

1208 272 1563 323 -52-

378 416 465 475 bit
505 432 822 476 sermonem
848 415 1105 489 Homeri,
1148 433 1319 489 quam
1345 420 1886 493 interpretationem
1914 427 2191 493 veterum,
2233 438 2381 493 quae

382 498 442 552 et
477 494 704 552 illorum
737 499 796 551 et
831 498 1161 552 nostrorum
1199 500 1524 569 temporum
1563 498 1696 555 usui
1721 503 2025 571 repugnet,
2067 499 2378 571 amplecti?

537 571 736 642 Qualis
763 576 957 629 tamen
977 570 1077 628 ille
1102 588 1225 630 mos
1251 570 1448 645 fuerit,
1490 574 1687 645 qualia
1712 574 1878 647 signa
1902 574 2120 648 Proeti,
2141 575 2381 634 Iobatae

379 652 716 720 monstrata,
759 663 1040 719 quaerere
1082 653 1173 706 est
1214 650 1360 708 alius
1388 651 1517 709 loci.
1559 651 1804 709 Veteres
1837 652 2211 710 Grammatici
2240 652 2378 724 quid

378 724 748 796 coniecerint,
790 726 1139 798 ignoramuS,
1180 726 1294 784 nisi
1335 727 1490 798 quod
1528 728 1701 801 pauci
1740 728 1969 787 illorum
2009 730 2280 787 videntur
2306 745 2377 786 ea

376 801 438 858 in
464 817 701 860 numero
728 800 1142 879 ἱερογλυφικῶν
1166 803 1458 877 habuisse,
1488 804 1977 876 quemadmodum
1987 806 2184 878 plures
2203 805 2379 865 hodie

378 875 641 937 fecerunt
653 877 747 949 4Β).
816 878 897 936 At
921 878 1261 952 Apollodori
1298 881 1490 939 locum
1527 882 1688 939 illum
1726 898 1854 940 cum
1883 882 2125 941 Scholiis
2163 883 2376 941 nostris

380 956 738 1028 comparanti
776 955 931 1013 haud
974 971 1148 1028 aegre
1189 957 1591 1030 persuadeam,
1629 956 1838 1015 πίνακα
1874 956 2121 1016 πτοκτὸν
2161 958 2236 1017 ab
2263 958 2377 1016 illis

378 1031 639 1090 habitum
693 1048 821 1090 esse
871 1031 1123 1103 ligneam
1173 1042 1424 1089 tesseram
1475 1035 1566 1093 vel
1617 1038 1910 1106 symbolum
1949 1036 2224 1108 aliquem,
2280 1035 2379 1107 qui

379 1113 546 1186 notas
585 1107 912 1168 mortiferas
969 1109 1103 1166 rudi
1151 1115 1279 1168 arte
1330 1111 1543 1170 incisas
1598 1110 1969 1184 habuerit49).
2049 1113 2139 1170 De
2179 1112 2378 1170 tabula

382 1190 584 1244 cerata
622 1186 884 1258 cogitare
911 1186 1007 1244 vix
1033 1186 1171 1244 sinit
1197 1186 1550 1247 consuetudo
1577 1194 1804 1261 poetae,
1833 1187 2203 1248 artificiosam
2230 1189 2383 1247 eius-

382 1260 539 1321 modi
577 1278 813 1335 operam
840 1263 1032 1334 aliquo
1061 1268 1218 1321 certe
1249 1264 1506 1337 epitheto
1535 1265 1722 1323 aliave
1752 1265 2079 1325 adiectione
2107 1266 2383 1325 ornaturi.

1307 1443 1482 1518 XX.

536 1589 724 1648 Docet
749 1605 888 1661 ergo
912 1591 1168 1650 locorum
1192 1590 1421 1649 illorum
1450 1591 1774 1663 explicatio,
1816 1609 1930 1651 non
1958 1608 2029 1649 ex
2055 1589 2376 1663 peregrinis

382 1665 744 1739 opinionibus
786 1672 1022 1739 captata
1041 1712 1056 1740 ,
1109 1666 1213 1726 sed
1263 1668 1532 1726 instituta
1571 1668 1885 1741 diligenter
1926 1684 1998 1727 ex
2035 1668 2379 1727 Homericae

383 1743 657 1802 orationis
683 1744 1062 1817 proprietate,
1091 1744 1441 1803 mentionem
1471 1746 1792 1818 scripturae
1821 1746 1879 1803 in
1906 1745 1977 1803 iis
2004 1743 2131 1803 fieri
2149 1744 2381 1801 nullam.

553 1906 626 1970 48)
696 1903 760 1957 V.
799 1921 843 1959 c.
879 1904 1150 1960 Bachetus
1184 1906 1373 1959 Mezir.
1420 1905 1489 1959 ad
1525 1865 1675 1960 Ovid.
1712 1904 1864 1974 Epp.
1900 1905 2120 1960 Heroid.
2158 1906 2218 1958 T.
2256 1908 2293 1959 I.
2348 1922 2385 1973 p

381 1976 498 2095 {328⁰
533 1973 769 2096 EHutiutsi1
774 1980 962 2055 ‘tamen
996 1974 1218 2030 rationis
1254 1973 1523 2043 quoddam
1557 1973 1844 2043 vestigium
1882 1980 1963 2028 est
1998 1974 2054 2027 in
2089 1974 2366 2043 exsignato

402 2057 497 2097 oco
585 2059 649 2096 us
675 2058 708 2096 a
770 2059 824 2095 11.

520 2128 593 2195 49>
640 2127 813 2182 Schol.
838 2172 842 2176 .
864 2127 992 2181 God.
1028 2129 1094 2180 A.
1132 2127 1201 2182 ad
1234 2144 1283 2181 v.
1326 2131 1440 2184 169.
1512 2126 1563 2181 Γ
1550 2127 1730 2198 ράψαι
1777 2129 1898 2180 ἐστὶ
1934 2129 1996 2180 τὸ
2034 2129 2189 2189 ξέσαι
2214 2147 2225 2159 ·
2262 2126 2376 2180 οἷον

384 2196 477 2250 οὖν
518 2195 834 2268 ἐγχαράξας
882 2193 1160 2259 εἴδωλα,
1199 2198 1281 2249 δι’
1333 2197 1419 2249 ὧν
1469 2195 1613 2249 ἔδει
1656 2199 1915 2264 γνῶναι
1965 2197 2078 2248 τὸν
2117 2198 2382 2248 πενθε-

435 2266 506 2317 ὸν
543 2267 661 2317 τοῦ
700 2262 1025 2331 Προίτου.
1098 2264 1511 2319 circumlocutio
1546 2264 1683 2317 haec
1720 2270 1803 2317 est
1837 2264 2003 2331 verbi,
2040 2265 2181 2331 quod
2217 2264 2385 2331 Apol-

383 2284 488 2387 ssd.
528 2331 788 2399 adhibuit,
830 2333 1178 2400 ἐπιγνούς;
1224 2339 1287 2385 ut
1321 2349 1446 2401 pers
1486 2333 1668 2386 icuum
1704 2332 1790 2400 sit,
1840 2332 2063 2386 eandem
2097 2340 2387 2398 utrumque

384 2400 707 2455 sententiam
745 2400 911 2468 sequi.
980 2398 1232 2454 Eustath.
1270 2400 1304 2453 l.
1343 2416 1388 2454 c.
1475 2400 1720 2470 ὐριπίῶης
1769 2419 1870 2452 που
1905 2400 1975 2452 τὰ
2005 2399 2255 2470 Ὁμηρικὰ
2293 2401 2386 2469 σή-

383 2487 532 2533 ματα
587 2469 664 2528 ets·
721 2467 1052 2534 ξύμβολα
1102 2468 1434 2534 μεταλαβών
1474 2487 1635 2539 φησι·
1699 2465 1938 2528 Ξένοις
1973 2487 2051 2521 τε
2086 2469 2384 2531 πέμπειν

387 2537 724 2602 σύμβολα,
780 2535 846 2587 οἳ
900 2536 1256 2606 &poio-000¹(
1285 2541 1337 2590 α’
1378 2537 1467 2590 εὖ.
1551 2537 1772 2604 (Medea
1805 2553 1855 2589 v.
1893 2539 2033 2604 613.)
2101 2536 2239 2590 Mihi
2273 2536 2389 2605 veri

383 2605 655 2673 persimile
691 2604 922 2672 videtur,
959 2605 1064 2659 iam
1100 2611 1215 2658 tum
1250 2605 1392 2659 inter
1426 2612 1683 2673 cognatos
1720 2604 2013 2659 obtinuisse
2049 2610 2205 2658 notas
2228 2619 2386 2672 quas-

386 2674 509 2728 dam
545 2672 877 2742 symbolicae,
915 2673 1108 2741 quibus
1155 2673 1221 2728 de
1256 2675 1518 2727 nonnullis
1552 2673 1867 2740 ,qv-avessimo
1902 2674 2053 2726 rebus
2088 2688 2244 2726 sensa
2278 2673 2389 2725 ani-

383 2758 591 2796 morum
628 2742 770 2795 inter
803 2756 860 2794 se
890 2742 1358 2809 communicarent,
1393 2741 1448 2795 in
1472 2741 1763 2810 primisque
1787 2741 1892 2794 hoc
1915 2756 2085 2808 genus
2108 2741 2252 2806 θυμο
2297 2741 2382 2792 θό-

371 2812 500 2880 'pm
540 2811 816 2890 σημάτων,
850 2809 1125 2863 inventum
1159 2810 1387 2864 fortasse
1426 2825 1492 2863 ea
1527 2816 1722 2877 aetate,
1760 2824 1867 2877 qua
1901 2809 2119 2864 ultionis
2144 2823 2238 2862 cae
2278 2809 2387 2861 ium

387 2884 444 2932 et
478 2877 877 2932 inimlcitiarum
915 2878 1032 2932 dira
1068 2878 1294 2932 saevitia
1327 2878 1563 2947 vigebat.
1602 2877 1707 2932 Sed
1739 2878 1876 2931 haec
1900 2877 2205 2931 accuratius
2223 2876 2389 2944 expli—

296 3009 311 3015 ,
388 2947 561 3001 canda
595 2951 718 3001 sunt
753 2945 809 2998 in
844 2945 1103 3014 singulari
1139 2947 1461 3014 quaestione
1500 2947 1565 3000 de
1600 2946 1833 3014 symbolis
1866 2955 2099 2998 veterum.
2165 2945 2390 2999 Interim

386 3014 650 3069 neminem
698 3013 996 3082 poenitebit
1041 3029 1355 3082 comparare
1407 3015 1599 3069 similia
1648 3013 1794 3082 apud
1842 3012 2148 3068 Merianum
2183 3029 2236 3081 p.
2271 3017 2389 3066 523.

387 3099 520 3205 ῗἭ,
556 3083 611 3136 in
647 3081 840 3152 quibus
875 3082 1038 3137 etiam
1085 3089 1208 3136 sunt
1241 3082 1760 3137 facetissimafflaec:
1825 3079 1915 3134 »Si
1949 3083 2132 3137 c’etoit
2166 3081 2220 3135 la
2253 3081 2390 3134 veri-
2420 3136 2435 3153 ,

413 3167 446 3204 a
504 3167 532 3205 e

535 3158 682 3206 ment
717 3165 822 3206 une
860 3150 1019 3204 lettre
1055 3151 1223 3206 ecrite
1258 3166 1325 3204 en
1350 3153 1653 3206 caracteres
1689 3149 2015 3218 d’alphabet,
2051 3150 2091 3202 il
2109 3149 2274 3203 seroit
2301 3165 2391 3202 ex-

387 3222 706 3274 tremement
757 3218 1030 3287 singulier,
1085 3219 1281 3287 qu’une
1328 3220 1603 3274 invention
1651 3219 1698 3272 si
1750 3218 1882 3272 utile
1938 3224 1993 3272 et
2047 3218 2288 3272 des-lors
2344 3217 2389 3269 si

389 3303 612 3356 connue,
652 3290 746 3343 eut
781 3287 1002 3354 disparu
1037 3286 1180 3341 deux
1214 3289 1556 3356 generations
1591 3288 1766 3356 apres,
1803 3287 1935 3341 dans
1961 3285 2055 3340 des
2080 3284 2388 3352 conjonctu-

387 3371 475 3409 res
510 3359 582 3410 ou
617 3372 714 3411 son
748 3368 913 3423 usage
952 3356 1201 3410 devenoit
1236 3355 1395 3410 d’une
1431 3362 1551 3411 tout
1586 3362 1741 3409 autre
1779 3355 2126 3423 importance.
2174 3353 2388 3406 N'o'toit-

388 3425 478 3477 elle
528 3426 660 3476 donc
695 3426 857 3476 bonne
892 3442 989 3490 que
1017 3441 1157 3490 pour
1192 3425 1280 3476 des
1313 3425 1480 3477 lettres
1514 3426 1576 3477 de
1609 3425 2094 3490 recommendation,
2140 3423 2229 3489 qui
2273 3431 2377 3472 ten·

388 3492 557 3544 doient
593 3494 627 3544 ὰ
660 3494 794 3555 taire
828 3491 1038 3544 devorer
1070 3492 1140 3545 les
1172 3510 1297 3560 ,qens
1322 3510 1432 3558 par
1464 3496 1520 3546 la
1558 3492 1790 3545 Chimera
1800 3492 1855 3543 2«
2090 3491 2092 3494 ⁴
