2734 4000
1244 182 1588 240 -γ-

410 343 479 398 et
517 338 923 396 litteraturam
943 335 1337 407 Homericam,
1381 350 1595 408 pauca,
1649 350 1798 407 quae
1837 334 1913 395 ad
1963 349 2195 394 sensum
2243 335 2429 408 poeti·

415 430 617 473 carum
658 415 935 473 virtutum
974 411 1398 471 informandum
1437 409 1674 484 faciant,
1715 411 2023 493 admodum
2061 411 2231 485 nihil,
2272 410 2429 484 quod

412 492 566 551 vatis
619 495 872 550 aetatem
913 491 1032 548 suis
1072 488 1439 563 opinionibus
1454 532 1470 561 ,
1522 488 1777 548 moribus
1844 494 1905 548 et
1943 488 2097 549 omni
2137 486 2428 548 sentiendi

414 573 481 626 et
508 567 806 639 cogitandi
832 572 1034 626 tenore
1072 569 1510 643 repraesentem
1550 564 1623 624 ne
1664 566 1802 638 quid
1845 565 1919 624 de
1959 566 2220 625 auctario
2245 581 2423 638 nuga·
2452 573 2504 614 1³

420 662 550 702 rum
588 644 888 703 doctarum
930 649 990 702 et
1015 642 1325 702 indoctam
1349 640 1614 714 mdicam,
1657 658 1770 714 quo
1809 643 1957 702 haec
1995 656 2224 714 quoque
2251 641 2427 703 Scho-

413 721 499 780 lia
537 737 740 780 aevum
780 736 944 779 suum
986 724 1295 778 testantur.
2074 782 2088 791 ,

537 798 752 870 Quare,
790 803 858 855 ut
891 812 1045 854 nunc
1084 812 1148 854 se
1187 812 1283 854 res
1323 794 1519 865 habet,
1562 810 1633 854 ex
1672 811 1785 868 quo
1828 795 2178 856 Graecorum
2221 812 2290 856 ac
2317 795 2429 855 La·

416 875 668 933 tinorum
687 875 919 933 litterae
945 874 1006 931 in
1032 873 1373 946 popularem
1396 888 1602 944 gyrum
1623 865 1876 932 coartari
1898 877 2231 947 coeperunt,
2260 872 2431 934 valde
2456 878 2640 953 φώρ·
2659 908 2699 925 ..‚

416 950 730 1010 verendum
783 955 899 1022 est,
938 966 1013 1008 ne
1065 950 1258 1023 operi,
1314 949 1469 1020 quod
1509 950 1753 1009 maxime
1795 948 1991 1009 deficit
2028 951 2087 1008 in
2128 950 2230 1021 iis,
2280 965 2432 1022 quae

417 1029 592 1100 vulgo
633 1027 1003 1100 cupidissime
1044 1026 1427 1105 anquirimuS,
1480 1024 1576 1084 'vix
1624 1027 1803 1098 aliqui
1860 1027 2196 1100 contingant
2236 1042 2269 1086 e
2306 1027 2429 1086 lon-

396 1106 633 1178 ginquo
672 1108 1015 1163 venerantes
1032 1148 1046 1175 ,
1086 1104 1335 1162 lectores
1376 1103 1673 1176 perpauci.
1751 1104 1957 1175 Neque
2007 1103 2100 1177 id,
2150 1109 2217 1162 ut
2253 1101 2430 1163 hodie

418 1182 576 1253 loqui
618 1181 821 1253 solent,
863 1181 984 1253 legi
1021 1184 1246 1253 potest3
1287 1180 1522 1239 assidue
1562 1179 1824 1252 tractari,
1866 1181 2076 1253 excuti,
2120 1195 2249 1239 cum
2287 1180 2423 1239 reli·

419 1259 548 1330 quis
579 1257 860 1330 omnibus,
902 1257 1108 1328 quibus
1136 1262 1399 1315 vetustas
1426 1257 1708 1330 pepercit,
1736 1255 2008 1316 subsidiis
2038 1257 2265 1316 curiose
2291 1272 2426 1317 con·

419 1333 562 1394 ferri
598 1335 801 1408 poscit.
884 1334 1053 1406 Quod
1093 1350 1206 1406 quo
1246 1334 1376 1405 quis
1415 1331 1622 1391 fecerit
1660 1333 1992 1405 studiosius,
2034 1350 2104 1394 eo
2131 1333 2316 1406 magis
2344 1334 2431 1392 in·

420 1412 648 1484 telligat
687 1415 935 1484 oportet,
981 1427 1052 1470 ex
1091 1414 1307 1482 quanto
1344 1407 1651 1482 naufragio
1691 1410 1753 1468 in
1792 1410 1902 1469 hoc
1942 1409 2243 1470 doctrinae
2283 1408 2427 1469 orbe

421 1504 592 1560 quam
630 1504 819 1562 pauca
847 1487 923 1546 ad
948 1504 1053 1546 nos
1080 1487 1355 1560 perlapsa
1381 1484 1707 1558 fragmenta
1737 1488 1870 1559 sint,
1901 1487 2087 1546 instar
2111 1480 2430 1546 forulorum
2450 1468 2480 1522 l>
2498 1482 2580 1517 Μ’*
2617 1504 2624 1517 ’

419 1566 643 1637 aliquot
684 1581 755 1622 ex
793 1563 1145 1623 bibliotheca
1183 1563 1425 1635 ingenti.
1508 1563 1637 1634 Qua
1677 1563 1751 1621 de
1789 1578 1856 1621 re
1893 1567 2118 1637 postea,
2161 1563 2212 1621 si
2238 1564 2429 1622 locum

420 1642 496 1700 de
522 1641 866 1700 Homericae
905 1640 1170 1700 lectionis
1211 1638 1467 1699 fontibus
1507 1639 1781 1712 attigero,
1820 1639 2083 1712 pluribus
2125 1638 2431 1700 dicendum

424 1718 552 1777 erit.
633 1717 750 1777 Sed
789 1717 1049 1790 quamvis
1098 1731 1170 1775 ne
1222 1717 1391 1774 unius
1446 1715 1681 1788 quidem
1727 1716 2041 1776 celebrium
2084 1715 2430 1777 Criticorum
2505 1773 2510 1779 .

133 1808 379 1869 W!
421 1799 682 1853 veterum
720 1795 979 1866 integras
1008 1793 1536 1852 animadversiones
1565 1798 1668 1852 aut
1691 1794 2088 1852 recensionem
2122 1784 2430 1879 recupere-
2491 1809 2510 1841 ι

422 1888 566 1944 mue,
608 1887 750 1944 quas
790 1875 1032 1944 propter
1069 1871 1261 1929 varias
1302 1886 1507 1929 causas
1534 1869 1677 1929 mihi
1701 1870 2011 1929 verisimile
2036 1885 2151 1930 non
2178 1876 2287 1943 est,
2330 1886 2428 1943 ge-

418 1949 592 2008 nuino
610 1964 755 2024 §.RQ
766 1947 981 2018 habitu
1020 1948 1080 2004 in
1107 1946 1723 2028 V.ffletV-1q.wsaeculum
1762 1946 2142 2021 perdurasse3
2183 1948 2425 2021 passim-

418 2042 531 2098 que
570 2027 629 2084 in
667 2025 903 2098 vulgato
943 2030 1109 2084 textu
1156 2020 1481 2097 scripturae
1535 2024 1653 2083 sint
1701 2025 1829 2082 iure
1881 2029 2191 2097 suspectae
2207 2068 2223 2097 ,
2278 2039 2425 2096 quas

418 2102 584 2162 nobis
625 2103 782 2160 nulla
820 2102 1043 2162 notatio
1083 2102 1386 2172 sollicitet3
1438 2102 1557 2160 alia
1594 2116 1833 2174 prorsus
1874 2100 2111 2160 deserta
2126 2145 2142 2173 ,
2201 2116 2351 2173 quae
2391 2117 2429 2161 a

419 2179 711 2238 veteribus
752 2178 980 2238 diverse
1020 2179 1312 2238 illustrata
1352 2194 1482 2237 esse
1535 2177 1769 2236 aliunde
1820 2177 2047 2237 discere
2095 2178 2189 2237 vel
2238 2177 2429 2252 suspi-

419 2256 542 2314 cari
590 2256 795 2327 liceat3
848 2271 1023 2328 quum
1073 2256 1373 2327 nonnulla,
1416 2270 1565 2326 quae
1615 2254 1935 2327 interprete
1988 2269 2102 2313 non
2155 2253 2425 2328 egebant,

416 2332 628 2391 obruat
666 2334 846 2392 moles
889 2333 1458 2392 commentariorum:
1501 2330 1606 2390 sed
1648 2330 1908 2402 quamvis
1946 2331 2094 2390 haec
2122 2336 2183 2390 et
2209 2330 2431 2390 maiora

422 2408 738 2481 desideres,
780 2415 977 2467 tamen
1006 2424 1222 2481 eorum,
1264 2424 1414 2480 quae
1442 2407 1631 2480 docte,
1663 2412 1852 2480 acute,
1879 2407 2180 2480 ingeniose
2203 2413 2427 2480 notata,

418 2501 569 2556 quae
610 2486 834 2544 utiliter
873 2484 1276 2544 animadversa
1315 2488 1418 2543 aut
1457 2500 1530 2543 ex
1569 2484 1969 2556 antiquissimo
2025 2499 2168 2544 aevo
2218 2500 2430 2558 propa·
2456 2493 2507 2533 14

413 2567 561 2635 'gata
600 2568 734 2621 sunt
750 2607 764 2634 ,
819 2561 968 2620 adeo
1009 2567 1250 2635 superat
1290 2561 1486 2634 copia,
1535 2566 1601 2618 ut
1639 2561 1882 2633 quisque
1921 2560 2119 2620 videat
2156 2561 2267 2621 hoc
2304 2560 2431 2620 the-

419 2655 592 2698 sauro
630 2640 857 2698 recluso
896 2642 1120 2697 tantum
1161 2638 1479 2697 adiumenti
1517 2637 1771 2696 Homero
1829 2636 1905 2695 ad
1955 2642 2314 2710 accuratam,
2369 2642 2431 2697 et

416 2716 680 2774 criticam
719 2721 781 2775 et
830 2715 1191 2788 historicam,
1242 2714 1784 2788 interpretationem
1835 2714 2102 2786 allatum,
2154 2718 2431 2786 quantum

420 2792 497 2850 ad
537 2792 779 2851 aliorum
820 2796 1143 2865 poetarum,
1184 2807 1328 2864 quos
1368 2791 1545 2850 iidem
1584 2789 1965 2849 Alexandrini
2014 2795 2430 2862 tractaverunt,

417 2868 695 2928 habemus
722 2869 957 2927 nullum.
1035 2868 1198 2941 Ergo
1226 2868 1497 2927 desinant
1521 2866 1833 2939 aliquando
1862 2866 2243 2927 Orientalium
2269 2867 2431 2927 litte·

416 2961 613 3004 rarum
651 2946 946 3019 magistri,
985 2945 1225 3005 Masora
1263 2960 1372 3004 sua
1422 2942 1688 3018 superbi,
1739 2943 1939 3003 dolere
1988 2942 2277 3004 fortunam
2329 2960 2430 3003 no-

416 3026 616 3094 stram,
670 3022 823 3095 quod
871 3021 1036 3081 nobis
1089 3023 1413 3095 scripturae
1465 3021 1810 3081 Homericae
1864 3020 2181 3081 auctoritas
2236 3019 2431 3094 posita

416 3099 498 3158 sit
535 3099 595 3155 in
633 3104 753 3158 tam
791 3115 1067 3159 novorum
1107 3098 1368 3158 codicum
1406 3096 1521 3157 fide
1535 3142 1550 3171 ,
1589 3098 1886 3172 plerisque
1924 3102 2185 3157 veterum
2226 3112 2428 3156 recen·

418 3176 641 3235 sionum
681 3175 942 3248 vestigiis
983 3175 1068 3234 sic
1104 3175 1336 3235 obtritis
1378 3190 1447 3234 ac
1487 3175 1714 3246 deletis,
1754 3178 1822 3232 ut
1860 3177 2055 3234 textus
2080 3173 2268 3233 nostri
2294 3189 2428 3233 con·

417 3250 688 3312 formatio
726 3268 915 3326 paene
954 3252 1015 3311 in
1055 3251 1300 3311 obscuro
1339 3251 1539 3311 lateat.
1619 3250 1917 3309 Habemus
1945 3265 2117 3323 nunc,
2159 3250 2209 3309 si
2235 3251 2431 3310 omnia

420 3328 676 3401 undique
736 3334 1013 3404 excerpta
1070 3328 1493 3403 componimus,
1550 3327 1848 3387 Masoram
1908 3327 2085 3386 etiam
2146 3325 2430 3386 Graecam

416 3405 727 3478 quandam,
769 3411 892 3465 tum
932 3411 1271 3479 vestustate,
1312 3410 1436 3465 tum
1460 3405 1658 3464 variae
1686 3402 2028 3465 eruditionis
2054 3403 2226 3477 copia
2248 3403 2431 3466 multo
