2734 4000
447 444 556 507 diti
594 443 911 517 specimina
971 442 1256 501 dederant
1281 441 1709 515 interpretandi
1733 440 2002 514 Homeri;
2041 456 2173 501 mox
2198 440 2455 500 studium

447 519 1016 594 multiplicandorum
1058 519 1501 592 exemplarium,
1552 519 1961 578 necessitatem
2009 518 2256 577 afferens
2298 535 2330 577 e
2370 518 2456 581 di-

448 599 632 656 versis
682 596 985 670 scripturis
1002 641 1017 669 ,
1086 612 1229 668 quas
1280 595 1560 669 rhapsodi
1608 594 2147 669 suppeditaverant,
2206 597 2456 668 optimas

450 689 709 747 quasque
760 673 1082 746 deligendi,
1135 673 1286 732 viam
1344 673 1591 731 munivit
1642 673 1719 732 ad
1775 673 2195 732 accuratiorem
2245 672 2453 749 κρίσιν.

448 752 664 811 Verum
704 750 779 808 de
817 750 906 825 his
945 750 1141 824 paullo
1182 749 1510 809 distinctius
1551 748 1894 809 tradendum
1934 755 2043 808 est.
2085 763 2296 816 „wau

603 827 690 885 Ac
741 828 928 900 primo
969 826 1204 899 quidem
1244 833 1507 899 tempore
1549 833 1610 885 et
1647 842 1836 900 paene
1876 825 1951 884 ad
1989 826 2235 886 Periclis
2274 842 2460 899 usque

411 888 704 1041 (aetatem
756 904 1004 963 Graecia
1050 903 1366 962 Homerum
1417 908 1478 961 et
1525 909 1751 979 ceteros
1802 899 2037 967 ἀοιδοὺς
2094 918 2229 963 suos
2270 903 2463 962 adhuc

453 981 749 1041 auditione
774 982 960 1053 magis
982 996 1154 1052 quam
1180 981 1432 1039 lectione
1461 980 1869 1053 cognoscebat.
1931 979 2255 1039 Paucorum
2284 980 2462 1039 etiam

451 1064 573 1116 tum
615 1062 744 1116 erat
782 1073 922 1116 cura
962 1057 1270 1129 scribendi,
1323 1057 1500 1116 lectio
1541 1073 1791 1131 operosa
1831 1062 1893 1115 et
1930 1055 2211 1129 difficilis3
2261 1058 2460 1129 itaque

384 1138 411 1195 ,“
450 1133 756 1207 rhapsodis
795 1134 1041 1193 maxime
1081 1149 1319 1207 operam
1360 1133 1596 1206 dabant,
1658 1134 1930 1208 captique
1966 1134 2116 1192 mira
2156 1132 2462 1193 dulcedine

455 1217 657 1270 cantus
699 1211 772 1270 ab
812 1211 1039 1269 illorum
1081 1227 1184 1270 ore
1223 1210 1577 1284 pendebant.
1645 1212 1713 1269 In
1752 1210 2083 1269 clarissimis
2123 1211 2292 1269 huius
2334 1225 2464 1270 sae—

457 1288 572 1346 culi
621 1287 930 1361 rhapsodis
981 1294 1336 1346 memoratur
1385 1289 1542 1346 circa
1595 1288 1819 1361 Olymp.
1859 1286 2069 1346 LXIX.
2113 1286 2463 1360 CynaethuS,

457 1364 711 1424 Pindaro
753 1364 1012 1436 aequalis
1027 1408 1042 1436 ,
1099 1365 1199 1435 qui
1241 1363 1384 1423 Chio
1426 1364 1828 1437 commigravit
1866 1364 2182 1437 Syracusas
2195 1409 2210 1437 ,
2250 1365 2343 1423 vel
2380 1363 2465 1422 ibi

202 1422 259 1490 ‘„„
355 1464 429 1503 161
466 1442 712 1500 maxime
754 1447 940 1500 artem
980 1439 1271 1501 factitavit
1282 1439 1375 1512 21).
1455 1440 1651 1514 Atque
1690 1441 1860 1500 huius
1887 1439 2259 1514 professionis
2286 1440 2465 1500 homi-

457 1534 560 1577 nes
609 1534 783 1589 quum
835 1533 1003 1577 omne
1053 1523 1281 1591 tempus
1334 1523 1737 1578 consumerent
1800 1519 1861 1575 in
1913 1517 2223 1577 ediscendo
2270 1522 2464 1590 poeta,

461 1594 695 1655 eosdem
749 1595 872 1653 eius
912 1595 1129 1668 primos
1168 1596 1523 1667 interpretes
1564 1594 1745 1654 fuisse
1782 1598 1972 1668 putes.
2051 1594 2169 1673 Sed
2207 1595 2363 1654 nullo
2402 1593 2466 1652 id

458 1669 827 1731 confirmatur
864 1678 1026 1731 certo
1070 1673 1401 1731 testimonio
1443 1672 1765 1745 scriptoris.
1849 1671 2015 1743 Quod
2058 1671 2210 1730 enim
2252 1687 2288 1730 a
2325 1687 2466 1729 non-

460 1748 632 1806 nullis
672 1747 912 1806 affertur
949 1748 1240 1820 Platonis,
1296 1748 1440 1806 illud
1493 1749 1552 1806 in
1600 1750 1717 1808 isto
1769 1753 2043 1807 contextu
2093 1747 2170 1807 ad
2208 1746 2466 1820 quemvis

461 1830 717 1885 actorem
757 1841 967 1883 scenae
994 1824 1302 1883 transferri
1331 1830 1607 1898 potuerat
1619 1823 1714 1898 ²²).
1797 1825 2081 1897 Quocirca
2104 1841 2220 1884 non
2246 1824 2466 1896 dubit0,

461 1904 598 1973 quin
626 1902 1011 1990 antiquissimi
1034 1901 1366 1980 phiQphi
1396 1902 2188 1974 aucmgesjntfflretationis
2214 1900 2469 1971 habendi

461 1980 711 2055 sintjuet
730 2043 741 2046 4
748 1978 920 2046 mitio
962 1978 1207 2052 quidem,
1234 1979 1651 2058 πρᾳῃιατιζῇς.
1731 1979 1881 2038 Nam
1921 1978 2226 2038 verborum
2264 1978 2469 2039 obscu-

460 2054 604 2115 ritas
644 2057 760 2116 illis
802 2057 1050 2114 saeculis
1091 2056 1401 2115 admodum
1428 2058 1589 2115 nulla
1610 2061 1755 2128 erat,
1797 2055 2026 2128 quando
2054 2055 2256 2114 eadem
2283 2054 2471 2115 forma

462 2134 738 2193 orationis
778 2134 1049 2205 usurpari
1091 2132 1317 2192 solebat
1355 2132 1430 2191 ab
1471 2133 1689 2206 optimo
1718 2148 1946 2204 quoque
1970 2137 2290 2206 poetarum.
2356 2132 2472 2190 Ve-

461 2226 589 2268 rum
629 2210 957 2284 philosophi
999 2226 1173 2282 quum
1214 2209 1499 2288 viderent,
1540 2226 1710 2269 sacra
1747 2209 1952 2268 haberi
1994 2207 2283 2281 Carmina,
2322 2208 2472 2267 cele-

465 2287 742 2359 brarique
794 2287 950 2346 omni
1003 2288 1216 2360 populo
1232 2331 1247 2359 ,
1299 2302 1372 2345 ex
1418 2287 1606 2359 iisque
1655 2288 1810 2345 vitae
1857 2291 2020 2345 recte
2078 2285 2473 2344 instituendae

463 2369 783 2437 praecepta
834 2364 1011 2436 sumi,
1062 2379 1251 2435 neque
1303 2368 1499 2421 tamen
1558 2365 1619 2421 in
1671 2364 1743 2421 iis
1793 2380 1907 2422 non
1946 2362 2476 2421 animadverterent

464 2442 646 2498 multa
684 2437 851 2512 falso,
894 2440 1141 2498 ridicule
1181 2446 1242 2498 et
1281 2439 1555 2499 indecore
1596 2438 1735 2513 fingi
1773 2439 1847 2499 de
1885 2443 2095 2498 natura
2133 2438 2373 2498 deorum
2412 2444 2476 2498 et

464 2533 677 2589 rerum,
719 2517 1206 2589 interpretatione
1247 2532 1353 2575 sua
1394 2518 1689 2590 corrigere
1729 2515 1975 2587 fabula&
2014 2522 2190 2587 atque
2230 2515 2307 2575 ad
2331 2515 2477 2590 phy-

367 2609 444 2649 162
471 2594 648 2652 sicam
692 2598 750 2651 et
790 2594 1069 2651 moralem
1111 2592 1432 2653 doctrinam
1474 2609 1616 2651 suae
1643 2593 1853 2652 aetatis
1880 2592 2336 2662 accommodare,
2373 2592 2477 2650 de·

469 2671 642 2741 nique
682 2670 955 2729 historias
1000 2675 1060 2728 et
1097 2670 1326 2742 reliqua
1363 2668 1489 2728 fere
1534 2671 1727 2730 omnia
1777 2669 1855 2729 ad
1893 2657 2189 2768 ἱιὲἰῷᾗᾳῐε
2228 2668 2478 2741 exquisi-

605 2882 678 2946 21)
716 2882 890 2937 Schol.
927 2882 1081 2936 Pind.
1119 2881 1188 2936 ad
1221 2881 1378 2936 Nem.
1413 2882 1486 2936 H.
1521 2897 1602 2951 pr.

587 2968 679 3052 ‚²2)
713 2968 845 3022 Ione
881 2984 935 3036 p.
972 2972 1091 3023 530.
1131 2968 1188 3023 Ο.
1276 2967 1354 3052 Op
1397 2969 1509 3037 γὰρ
1556 2966 1769 3052 ‚genoeva
1823 2982 1957 3052 πρτε
2003 2966 2128 3034 ῥαψ
2205 2966 2281 3030 ός,
2317 2966 2369 3019 εἷ
2399 2969 2481 3052 ¹5⁷)

474 3032 2209 3175 gz'ss‘vfflffsszz‘ff255?’5255533’5222502meabat,⁹
2232 3035 2481 3158 ἑὲμὲἔῧῖ

474 3172 584 3228 sius
620 3178 718 3241 est,
756 3172 900 3242 quod
936 3172 1229 3240 respondet
1263 3173 1342 3242 lo,
1380 3187 1539 3240 posse
1580 3187 1637 3227 se
1673 3170 1936 3225 κάλλιστα
1962 3169 2273 3239 ἀνθρώπων
2331 3171 2480 3239 ἐγειν

472 3242 604 3311 περὶ
633 3240 880 3312 Ὁμήρου,
917 3256 1092 3321 eaque
1127 3241 1183 3293 in
1218 3255 1278 3294 re
1313 3246 1523 3295 certare
1560 3255 1682 3295 cum
1716 3237 2101 3319 interpretibus
2125 3239 2380 3318 optimis..
2413 3239 2483 3294 In

475 3308 670 3364 ceteris
706 3308 920 3378 quidem
955 3309 1046 3362 hic
1080 3308 1385 3377 pulchellus
1421 3309 1694 3377 interpres
1727 3306 1862 3361 nihil
1896 3304 2106 3373 profert
2139 3310 2291 3362 tanto
2324 3306 2483 3363 hiatu

475 3377 721 3457 dignum:
758 3376 854 3433 sed
876 3378 1117 3445 potuerit
1138 3376 1195 3431 id
1217 3377 1416 3444 facere,
1450 3382 1512 3430 ut
1535 3374 1923 3445 Sydenhamius
1944 3378 2144 3441 censet,
2178 3391 2287 3430 non
2310 3389 2482 3444 quae-

475 3460 642 3499 rimus
676 3444 745 3499 de
780 3445 1067 3515 rhapsodis
1101 3446 1295 3500 aetatis
1330 3445 1662 3509 Platonicae,
1699 3444 1796 3499 sed
1832 3442 1900 3497 de
1936 3441 2171 3511 antiquis
2209 3458 2484 3501 suceesso-

477 3512 624 3566 ribus
659 3513 875 3570 ἀοιδῶν.
946 3512 1024 3567 Of.
1061 3529 1114 3582 p.
1149 3517 1267 3568 535.
1303 3515 1369 3567 A.
