2734 4000
1208 239 1279 249 --
1338 212 1561 267 168—

388 357 541 432 quod
581 359 865 418 Homerus
906 360 1302 432 gravissimam
1352 360 1512 420 illam
1560 376 1792 419 causam
1843 359 1983 419 belli
2021 377 2138 419 non
2179 358 2408 419 fuisset

387 453 501 496 uno
540 438 666 497 loco
707 437 1009 506 allaturus,
1050 436 1317 509 quoniam
1358 438 1482 497 eius
1522 437 1896 510 attingendae
1938 454 2114 512 saepe
2156 438 2403 497 occasio

386 512 609 586 fuisset,
648 514 699 571 si
737 512 935 574 fabula
977 518 1133 572 esset
1169 515 1397 574 omnino
1437 516 1647 574 aetatis
1675 515 2037 574 Homericae.
2079 514 2404 585 {Obverte-

386 591 528 650 bant
567 589 799 663 quidem
852 591 1109 650 nonnulli
1158 592 1328 664 plura
1365 593 1522 666 apud
1560 596 1790 666 poetam
1830 592 2008 650 semel
2046 598 2399 663 memorata,

386 683 536 740 quae
575 674 768 726 tamen
796 667 994 728 Critici
1032 668 1253 727 intacta
1290 669 1675 741 reliquissent.
1744 667 2006 726 Frustra.
2072 668 2205 728 Non
2233 670 2399 726 enim

384 744 485 803 ille
504 762 554 802 ε.
576 752 665 804 63.
696 745 830 804 silet
853 746 990 824 νῆας
1016 742 1390 824 ἀρχεκάκους
1417 747 1455 804 i.
1486 762 1538 805 e.
1565 743 1985 821 profectionem
2011 745 2241 804 Paridis
2270 746 2397 803 La-

384 820 809 895 cedaemonem,
847 824 908 880 in
946 839 1060 894 qua
1099 838 1170 879 ex
1205 839 1365 882 more
1405 824 1622 882 saeculi
1661 822 1751 880 sui
1787 822 1943 881 haud
1991 822 2164 880 dubie
2193 821 2268 880 ad
2299 820 2391 880 fa-

385 898 561 957 talem
601 915 835 958 causam
873 915 1243 972 regressurus
1285 905 1432 973 erat,
1486 916 1634 973 quae
1674 899 1899 972 culpam
1939 897 2284 967 transferret
2325 900 2390 956 in

390 975 548 1035 deos.
620 976 1001 1048 Quamobrem
1031 982 1090 1033 et
1116 981 1343 1036 veteres
1356 977 1450 1049 ⁵⁸),
1481 983 1543 1035 et
1564 976 1916 1036 recentiores
1951 976 2143 1049 aliqui,
2172 977 2233 1033 in
2259 977 2395 1048 qui—

388 1052 496 1111 bus
522 1053 708 1111 instar
726 1054 974 1112 omnium
994 1053 1466 1112 Hemsterhusius
1488 1060 1594 1126 est,
1632 1055 1803 1127 plane
1828 1053 2218 1127 probaverunt
2235 1053 2396 1111 iudi-

391 1129 541 1187 cium
581 1129 751 1203 illud,
812 1147 925 1202 quo
963 1130 1238 1189 iudicium
1277 1130 1508 1190 Paridis
1549 1131 1791 1190 tollitur.
1871 1131 2074 1202 Neque
2115 1130 2396 1202 equidem

389 1211 588 1266 tantae
615 1208 949 1266 auctoritati
975 1207 1336 1281 obloquerer‚
1377 1209 1489 1267 nisi
1515 1209 1670 1280 mihi,
1700 1212 1766 1265 ut
1792 1208 1931 1265 alibi
1958 1205 2294 1280 significavi,
2328 1209 2394 1264 in

283 1289 359 1330 ²⁷⁴
385 1284 475 1342 his
515 1284 822 1357 postremis
862 1285 1037 1344 alium
1080 1290 1372 1344 auctorem
1401 1302 1570 1358 quam
1599 1286 1852 1360 priorum
1877 1284 2149 1343 librorum
2177 1284 2393 1342 audire

386 1360 632 1419 viderer.
710 1361 878 1438 Nunc
937 1378 1072 1421 vero
1128 1368 1188 1420 et
1238 1363 1382 1421 illud
1444 1369 1504 1421 et
1543 1362 1896 1421 Hesiodeam
1929 1356 2290 1439 μαχλοσύνην
2302 1349 2508 1433 ⁵⁹)9m‘

222 1464 248 1473 ··
310 1462 358 1501 “z
387 1438 543 1497 haud
584 1430 823 1510 gravate
862 1436 1003 1510 fero,
1047 1439 1155 1497 etsi
1199 1455 1269 1498 ea
1307 1441 1423 1498 iam
1449 1440 1510 1497 in
1534 1440 1960 1512 Aristophaneo
1990 1446 2048 1497 et
2073 1439 2132 1495 in
2159 1438 2383 1496 urbicis

390 1514 731 1586 quibusdam
771 1516 1190 1588 exemplaribus
1233 1517 1474 1590 expulsa
1514 1522 1670 1589 erat,
1731 1521 1854 1575 toto
1896 1516 2252 1574 hemistichio
2295 1517 2388 1573 sic

386 1597 624 1661 mutato,
666 1589 702 1670 ἦ
740 1591 795 1648 οἱ
831 1589 1223 1683 κεχῳεσμένα
1260 1587 1402 1670 δῶρ’
1442 1591 1695 1672 ὀνόμηνε.
1765 1595 1948 1665 Quam
1974 1599 2131 1651 recte
2161 1596 2222 1650 et
2247 1593 2390 1650 reli·

388 1669 568 1741 giose‚
607 1686 720 1728 non
760 1669 1019 1728 dixerim.
1086 1671 1233 1731 Nam
1272 1688 1478 1744 parum
1517 1670 1847 1744 probabiles
1887 1676 2028 1743 puto
2058 1685 2157 1731 eas
2184 1686 2390 1727 omnes

390 1746 750 1805 coniecturas
791 1752 851 1805 et
889 1746 1105 1820 obeIOS,
1146 1747 1350 1820 quibus
1393 1755 1651 1806 extrema
1689 1747 1904 1806 Iliados
1946 1746 2020 1805 ad
2062 1746 2393 1804 similitudi-

392 1839 521 1880 nem
550 1822 891 1883 Homericae
932 1825 1361 1883 consuetudinis
1390 1842 1498 1899 per
1523 1826 1635 1883 vim
1664 1823 1948 1897 refingere
1976 1822 2388 1893 volueruntffl).

390 1900 548 1958 Alibi
588 1901 820 1973 saepius
857 1900 1156 1961 obscurior
1196 1908 1285 1961 est
1324 1902 1616 1960 sententia
1653 1902 1994 1959 Aristarchi.
2039 1899 2142 1958 -Ut
2168 1920 2222 1955 π.
2253 1905 2386 1958 613.

392 1978 671 2037 incertum
714 1983 830 2051 est,
880 1979 1047 2039 hicne
1086 1980 1211 2054 ipse
1252 1996 1451 2038 versus
1493 1996 1566 2037 an
1605 1979 1849 2052 proximi
1889 1978 2031 2050 duo,
2082 1977 2180 2050 qui
2219 1977 2388 2035 nimis

392 2053 724 2133 ταυτολόγοι
764 2062 913 2129 sunt,
956 2055 1246 2117 abfuerint
1285 2058 1357 2116 ab
1399 2058 1586 2116 altera
1624 2058 1964 2115 recensione
2002 2056 2172 2113 illius.
2237 2056 2388 2113 Item

393 2153 427 2188 ι.
470 2138 790 2193 684-690.
834 2137 1207 2206 (688-694.)
1249 2134 1579 2207 ambiguum
1618 2133 1803 2191 videri
1842 2139 2053 2206 potest,
2094 2131 2230 2203 quid
2255 2131 2390 2188 Ari-

392 2209 655 2268 starchus
681 2210 899 2283 primus
926 2209 1146 2284 fecerit,
1178 2211 1428 2284 quidque
1457 2211 1682 2271 omnino
1710 2211 2016 2283 notaverit,
2058 2225 2228 2281 quum
2254 2225 2390 2281 per-

392 2286 589 2360 spicue
631 2295 964 2346 numeretur
1003 2290 1062 2345 in
1102 2286 1397 2345 ἀθετοῦσι.
1453 2287 1672 2360 Quodsi
1699 2288 1748 2345 is
1778 2287 1931 2345 idem
1957 2285 2085 2353 fuit,
2108 2291 2172 2343 ut
2197 2286 2383 2357 suspi-

393 2379 509 2434 cor,
551 2365 648 2435 qui
687 2364 873 2423 locum
914 2366 1075 2424 illum
1115 2362 1409 2441 συνέτεμε,
1448 2365 1680 2423 reiectis
1724 2380 1827 2422 sex
1854 2363 2110 2422 versibus
2138 2364 2220 2420 ita
2246 2363 2388 2420 scri-

393 2438 533 2499 bere
559 2442 756 2513 voluit,
784 2446 850 2500 ut
870 2438 1054 2520 Χεῖρα
1080 2438 1177 2521 ἑήν
1204 2443 1372 2501 finem
1400 2440 1623 2500 faceret
1649 2442 1925 2500 orationis
1947 2440 2188 2512 Ulyssis,
2217 2440 2385 2510 eique

392 2517 583 2575 versui
623 2517 996 2591 subiungeret
1035 2519 1179 2579 duos
1218 2520 1377 2591 inus,
1416 2511 1515 2583 Ὣς
1553 2512 1646 2595 ἔφ.
1701 2550 1771 2560 -
1825 2521 2018 2597 σιωπῇ
2059 2523 2117 2575 et
2172 2512 2279 2594 Δὴν
2316 2513 2384 2571 δ’

290 2613 368 2655 ²⁷5
396 2591 550 2671 ἄνεῳ
575 2627 650 2635 -
678 2592 926 2684 Ἀχαιῶν,
967 2597 1160 2656 deleto
1204 2613 1289 2667 ec,
1333 2597 1432 2668 qui
1472 2596 1641 2668 vulgo
1682 2595 1772 2652 his
1801 2594 2175 2667 interpositus
2204 2598 2307 2663 est,
2349 2609 2388 2650 a

395 2687 486 2730 me
514 2672 675 2729 uncis
705 2672 974 2731 inclusus.
1036 2674 1184 2734 Nam
1210 2673 1304 2731 hic
1328 2673 1470 2731 mihi
1496 2688 1723 2745 semper
1752 2673 2076 2745 importune
2103 2670 2386 2744 repetitus

394 2746 714 2821 videbatur,
756 2764 929 2821 quum
969 2751 1314 2825 superioreS‚
1354 2751 1495 2809 licet
1535 2755 1594 2808 et
1632 2750 1788 2822 ipsos
1817 2749 2108 2817 molesteS,
2146 2751 2389 2821 propter

393 2999 444 3055 E
529 2931 601 2998 ⁵8)
635 2929 874 3053 Rilggrob.
912 2929 1124 2983 Saturn.
1162 2927 1226 2996 V,
1267 2931 1343 2982 16.
1383 2927 1519 2981 med.
1558 2932 1612 2979 et
1647 2925 1805 2978 Auct.
1845 2923 2005 2977 Vitae
2041 2924 2196 2978 Hom.
2232 2921 2293 2975 T.
2318 2920 2385 2976 V.

445 3014 525 3053 rn.
558 3016 609 3067 p.
753 3040 766 3053 .

532 3086 608 3149 ⁵9)
658 3084 808 3139 Conf.
845 3082 1037 3139 Suidas
1091 3088 1147 3137 et
1180 3082 1430 3150 Apollon.
1469 3095 1580 3134 voc.
1615 3078 1932 3151 μαχλοσόνη
1968 3078 2149 3146 ibique
2187 3076 2390 3131 Villois.

396 3154 565 3209 Simul
599 3169 668 3207 ex
701 3154 806 3208 hac
839 3168 899 3206 re
934 3150 1307 3219 intelligimus,
1362 3149 1734 3202 Aristarchum
1769 3146 2007 3201 Hesiodo
2044 3162 2140 3200 seu
2184 3145 2392 3200 auctori

351 3180 365 3305 ᾗ
399 3219 725 3291 Καταλόγων
762 3222 1069 3275 inferiorem
1107 3235 1265 3287 quam
1300 3218 1536 3272 Homero
1561 3223 1793 3270 aetatem
1831 3215 2097 3269 tribuisse.

533 3310 604 3376 ⁶⁰)
639 3308 705 3363 Id
739 3307 816 3359 ita
850 3305 1055 3360 factum
1091 3320 1206 3357 esse
1244 3303 1447 3357 clarum
1484 3308 1565 3355 est
1601 3317 1667 3355 ex
1702 3295 1896 3354 Scholl.
1938 3299 2006 3353 ad
2054 3297 2101 3353 Y.
2128 3296 2184 3351 Φ.
2217 3298 2276 3351 Ψ.
2313 3298 2391 3378 ‘In

400 3376 592 3446 quibus
626 3374 926 3443 rhapsodiis
963 3373 1206 3451 certatim
1243 3372 1588 3425 elaborarunt
1622 3375 1851 3435 vetereS,
1887 3376 2120 3449 utnotas
2143 3382 2394 3435 propnas

398 3443 694 3498 alienorum
727 3442 1061 3509 ingeniorum
1095 3447 1409 3495 eximerent.
