2734 4000
1161 199 1519 252 ...92—

335 344 557 406 sideret
597 350 657 404 et
693 345 902 418 hiaret,
942 345 1037 403 vel
1074 345 1286 404 lacinia
1322 344 1599 406 haereret
1638 362 1710 406 ex
1748 344 1936 407 forma
1974 349 2188 422 priore.
2256 349 2350 408 Ad

336 421 730 496 quaerendum
769 422 931 481 illum
957 427 1217 481 tenorem
1244 427 1483 497 praeter
1509 423 1654 483 alias
1686 422 1908 483 causas'
1922 426 2221 499 impellere
2248 443 2350 500 po-

336 500 451 559 tuit
489 500 620 573 ipsa
657 516 800 558 cura
839 498 1145 558 continuae
1185 500 1538 573 scriptionis,
1580 501 1641 558 in
1689 517 1805 572 qua
1849 501 2101 561 Carmini
2140 503 2347 576 cuique

336 593 474 635 suus
513 577 673 635 locus
713 574 1097 649 assignandus
1151 579 1309 634 erat:
1364 592 1563 635 verum
1616 578 1908 650 perpolite
1959 586 2019 637 et
2069 580 2234 652 quasi
2274 579 2350 639 ad

233 663 309 702 1⁵1
337 669 589 725 unguem
638 654 1005 726 complanare
1069 653 1289 725 omnia,
1352 653 1655 726 operosius
1720 654 2028 714 videbatur
2078 653 2348 729 fortasse,

275 1930 299 1961 Λ

291 2047 302 2098 l

296 2295 302 2328 l

336 746 509 802 quam
558 734 625 788 ut
671 730 815 788 illud
863 730 1052 803 prima
1111 730 1474 803 experientia
1510 731 1742 803 assequi
1780 732 2001 791 liceret.
2089 732 2205 792 Sed
2246 748 2351 791 cur

334 806 583 865 maxime
622 807 797 866 nolim
823 806 973 865 hanc
1011 811 1196 865 artem
1235 807 1336 864 uni
1361 806 1676 867 Pisistrato
1717 805 1993 882 tribuere,
2035 808 2149 868 duo
2179 825 2350 882 argu-

336 888 531 942 menta
568 883 629 941 in
668 889 940 957 promptu
977 883 1183 955 habeo,
1225 883 1431 943 horum
1470 889 1792 957 temporum
1828 886 2083 944 tenebris
2113 892 2346 946 assueto
2447 930 2460 934 -

336 960 496 1018 clara
536 960 681 1018 satis
738 967 798 1018 et
834 958 1160 1018 manifesta.
1240 959 1498 1018 Primum
1550 960 1806 1020 Graecos
1847 960 1924 1020 ad
1963 967 2217 1021 aetatem
2256 979 2350 1021 us-

338 1052 450 1108 que
499 1014 964 1097 Ptolemaeorum
1014 1037 1300 1096 constanti
1366 1037 1617 1109 quadam
1686 1039 2094 1099 constitutione
2154 1044 2347 1098 textus

336 1113 613 1185 caruisse,
654 1114 900 1172 vidimus
940 1129 1119 1186 supra
1155 1112 1228 1171 iis
1255 1113 1315 1170 in
1341 1114 1503 1187 lociS,
1545 1114 1643 1186 qui
1672 1132 1710 1173 a
1741 1114 1987 1175 Platone
2014 1122 2074 1174 et
2100 1131 2349 1188 aequae-

335 1190 424 1248 vis
461 1189 774 1249 laudantur
813 1207 884 1249 ex
909 1190 1182 1262 Homero,
1223 1205 1332 1249 nec
1371 1197 1566 1249 tamen
1604 1191 1779 1251 hodie
1823 1192 1980 1265 apud
2021 1209 2151 1251 eum
2191 1208 2345 1252 com-

335 1272 561 1341 parent.
638 1267 845 1340 Itaque
887 1283 958 1325 ex
995 1267 1106 1326 hoc
1143 1271 1326 1340 textu,
1368 1283 1540 1339 quem
1579 1268 1753 1327 hodie
1797 1269 2061 1328 manibus
2089 1269 2346 1341 terimuS,

336 1359 504 1403 nemo
545 1344 876 1403 existimare
915 1348 1135 1417 potest,
1190 1344 1475 1416 quomodo
1528 1346 1771 1419 primum
1830 1346 2082 1419 scriptus
2136 1345 2345 1417 fuerit3

336 1421 527 1492 immo,
569 1421 622 1479 si
660 1427 795 1494 post
832 1420 1205 1479 Pisistratum
1243 1421 1345 1479 alii
1386 1425 1563 1493 atque
1613 1423 1721 1480 alii
1761 1422 2039 1496 rhapsodi
2092 1421 2166 1480 ad
2208 1423 2348 1480 scri-

336 1496 587 1555 bendum
638 1497 1081 1568 adhiberentur,
1142 1511 1381 1556 necesse
1453 1504 1581 1557 erat
1629 1498 1871 1558 formam
1924 1500 2048 1558 eius
2102 1498 2346 1557 subinde

336 1574 551 1632 variari
579 1579 640 1634 et
664 1575 896 1647 mutari,
935 1575 1271 1647 priusquam
1301 1575 1360 1632 in
1386 1591 1591 1633 manus
1618 1576 1900 1635 Zenodoti
1935 1583 1995 1634 et
2021 1574 2349 1634 Aristarchi

336 1651 578 1709 veniret.
661 1651 789 1723 Qua
840 1649 915 1709 de
962 1667 1028 1709 re
1079 1652 1477 1710 commentarii
1516 1651 1721 1710 horum
1760 1653 1916 1712 haud
1962 1652 2137 1711 dubie
2177 1653 2348 1725 plura

336 1726 549 1785 indicia
608 1733 1006 1800 servaverant,
1058 1728 1119 1785 in
1177 1744 1420 1800 quorum
1472 1728 1698 1787 iactura
1752 1745 1903 1788 nunc
1964 1745 2027 1787 se
2081 1730 2346 1803 speciose

336 1810 535 1862 tuetur
587 1805 844 1877 vulgaris
894 1805 1107 1878 opinio.
1189 1804 1341 1876 Quid
1392 1821 1531 1865 vero
1569 1805 1714 1865 illud
1757 1804 1888 1866 est?
1946 1805 2100 1863 Ante
2139 1822 2344 1863 munus

335 1880 660 1940 Villois‘onii
700 1898 844 1939 unus
871 1881 932 1940 in
960 1881 1205 1941 Scholiis
1236 1887 1363 1940 erat
1389 1882 1570 1955 locus,
1612 1883 1709 1953 qui
1735 1883 2084 1942 mentionem
2111 1881 2346 1941 faceret

339 1955 777 2023 διασκευάσεως
828 1958 1126 2018 cuiusdam
1176 1959 1518 2031 antiquioris
1557 1958 1963 2019 Alexandrinis
2003 1959 2144 2018 illis:
2212 1975 2339 2019 rem

338 2049 524 2107 nemo,
565 2036 719 2108 quod
759 2036 966 2109 sciam,
1013 2052 1128 2109 quo
1166 2034 1434 2109 referret,
1473 2036 1753 2095 habebat:
1808 2038 1924 2096 iam
1977 2042 2039 2095 et
2079 2036 2237 2095 illam
2279 2043 2341 2095 et

336 2127 544 2170 nomen
605 2109 1040 2169 διασκευαστῶν
1096 2114 1405 2185 perspicue
1451 2113 1619 2173 nobis
1670 2114 1929 2173 Venetus
1990 2113 2341 2172 Scholiastes

338 2189 536 2247 attulit
574 2190 795 2262 aliquot
832 2190 973 2248 locis
989 2234 1004 2261 ,
1070 2190 1130 2247 in
1181 2189 1387 2262 quibus
1428 2189 1683 2249 traditur
1721 2190 1940 2263 aliquid
1980 2189 2342 2263 suppositum

339 2279 468 2323 esse
518 2282 555 2323 a
603 2263 1078 2335 διασκευασταῖς,
1131 2266 1286 2338 quod
1337 2265 1538 2326 Critici
1592 2266 1802 2325 deinde
1855 2273 1989 2326 vate
2039 2266 2339 2340 indig‘num

234 2337 310 2395 ιώ
337 2345 399 2400 et
434 2342 750 2401 tollendum
789 2344 1123 2418 putaverint
1133 2342 1225 2414 l³³).
1292 2344 1386 2402 Ea
1422 2360 1519 2402 res
1562 2360 1735 2417 quum
1778 2344 2027 2402 antehac
2064 2343 2186 2402 solo
2228 2345 2341 2401 isto

472 2540 545 2602 18)
588 2537 768 2593 Locus
802 2538 858 2591 in
893 2536 1039 2590 brev.
1075 2536 1251 2591 Schol.
1288 2542 1372 2592 est
1407 2537 1477 2592 ad
1512 2537 1699 2606 Odyss.
1736 2537 1781 2590 λ.
1818 2541 1937 2591 583.
1993 2537 2087 2605 qui
2123 2552 2241 2592 com
2284 2554 2338 2591 a·

333 2612 487 2662 ratus
532 2622 654 2686 cum
689 2606 864 2686 Schol.
895 2603 1036 2685 JVen.
1071 2603 1142 2658 ad
1178 2604 1347 2659 Catal.
1391 2609 1507 2687 ¹⁰4:
1540 2611 1596 2660 et
1632 2605 1702 2660 ad
1737 2604 1887 2685 Pind.
1926 2577 2006 2660 61.
2042 2605 2085 2673 I,
2122 2608 2207 2661 97.
2243 2554 2336 2660 go·

334 2682 440 2745 cet,
473 2675 790 2730 Aristarcho
835 2674 910 2728 1b1
985 2673 1130 2727 lures
1163 2688 1352 2727 versus
1388 2673 1455 2727 de
1491 2673 1905 2742 mterpolatlone
1942 2673 2339 2726 διασκευαστοῦ

334 2760 426 2798 sus
466 2749 613 2798 ectos
660 2743 841 2797 fuisse.
974 2746 997 2794 t
1041 2742 1088 2795 si
1139 2740 1271 2810 quid
1314 2740 1443 2797 fidei
1489 2741 1656 2796 habet
1698 2748 1829 2797 nota
1873 2740 2073 2796 codicis
2111 2740 2338 2797 Vindob.

336 2812 377 2867 C
533 2811 662 2876 111.‚
721 2826 971 2880 magnam
1018 2809 1264 2864 lacunam
1308 2810 1364 2863 in
1409 2810 1772 2878 pulcherrima
1819 2815 1975 2877 parte
2035 2808 2159 2863 libri
2206 2810 2338 2864 fecit

333 2880 566 3003 ἓιᾶξρίοἰο
605 2879 763 3000 illiilllls.
834 2880 1167 3001 Hocdauterzi
1204 2894 1310 2932 uno
1348 2879 1494 3001 locod‚
1531 2879 1575 2932 si
1610 2883 1771 3000 ἔθιζε]
1794 2877 2038 2998 memini,
2086 2877 2341 2999 Eutstath.

332 2954 665 3071 nogrtmle‘lffis
699 2963 949 3070 vffisstffi
981 2961 1352 3095 ἰυῖἓΙίθίῗὲεὲῗ
1384 2962 1863 3096 ξῧαξιωᾳιιξεὲιιῖω
1875 2961 2180 3069 edozssrulm
2214 2961 2340 3068 §333¹

333 3084 623 3140 editionem
675 3084 910 3138 muneris
945 3083 1155 3137 Veneti.
1227 3081 1406 3149 Quare
1453 3088 1727 3137 mittamus
1775 3083 1910 3136 Mer.
1947 3081 2338 3148 Oasaubonum,

333 3154 426 3221 qui
453 3153 665 3209 Scholio
702 3152 876 3207 lucem
911 3150 1222 3206 affundebat
1257 3167 1325 3204 ex
1346 3150 1621 3205 Eustathii
1645 3149 1927 3205 rhetoricis
1949 3150 2063 3204 noti
2142 3151 2200 3204 in
2260 3150 2339 3203 ui-

336 3222 437 3276 bus
472 3228 802 3275 memoratur
837 3241 873 3273 σ
915 3225 940 3238 '⁴
984 3239 1019 3273 α
1056 3221 1245 3272 διασκε
1441 3221 1517 3276 όν.
1590 3219 1708 3272 lam
1744 3234 1871 3272 vero
1909 3217 2047 3273 conf.
2124 3218 2226 3272 cho
2248 3218 2339 3272 ion

334 3288 601 3343 Venetum
639 3291 685 3342 δ.
721 3292 837 3343 208.
874 3239 1234 3353 {afferendum
1271 3287 1341 3342 ad
1414 3289 1761 3354 ‚396-418.)
1797 3288 1840 3346 ζ.
1863 3290 1983 3341 441.
2005 3288 2061 3339 θ.
2086 3288 2168 3342 73.
2221 3291 2339 3340 tum

334 3356 467 3411 illud
502 3376 552 3410 σ.
588 3361 707 3411 356.
745 3356 889 3424 quod
924 3357 1106 3424 paullo
1143 3362 1270 3410 ante
1306 3357 1362 3409 in
1404 3356 1556 3424 ‘cavi,
1591 3373 1638 3409 τ.
1675 3358 1793 3411 327.
1831 3359 1888 3409 et
1921 3358 2048 3409 400:
2077 3326 2337 3423 (referen-

334 3424 461 3478 dum
486 3425 555 3480 ad
578 3426 633 3477 θ.
668 3428 812 3492 185)
849 3429 964 3478 tum
1000 3444 1047 3478 υ.
1084 3427 1202 3478 269.
1240 3429 1296 3477 et
1331 3445 1392 3477 ω.
1435 3428 1549 3479 133.
