2734 4000
1254 238 1613 291 ...32-

433 402 622 460 neque
662 385 857 446 divino
896 384 1130 458 factam,
1169 385 1275 445 sed
1313 384 1464 447 forte
1506 390 1566 444 et
1605 401 1745 444 casu
1782 391 1981 445 natam
2007 392 2182 459 atque
2205 403 2439 447 concre-

433 471 553 523 tam
595 480 723 522 esse
764 469 1109 522 statuerent.
1189 464 1321 523 Non
1360 468 1575 535 metuo,
1615 479 1688 521 ne
1728 464 1858 535 quis
1896 479 1989 522 me
2017 464 2218 523 similis
2260 470 2438 523 teme-

432 541 624 600 ritatis
665 538 920 613 accuset,
964 556 1139 612 quum
1178 540 1441 614 vestigiis
1481 537 1830 599 artificiosae
1871 542 2165 614 compagis
2207 545 2268 599 et
2306 541 2437 600 aliis

433 617 705 691 gravibus
744 617 936 676 causis
963 615 1240 689 adducar,
1279 623 1347 675 ut
1372 617 1689 676 Homerum
1712 633 1827 675 non
1852 618 2251 677 universorum
2270 619 2440 690 quasi

433 710 739 768 corporum
778 710 1014 753 suorum
1068 692 1332 768 opificem
1385 709 1541 763 esse,
1598 693 1705 751 sed
1741 693 1890 752 hanc
1929 699 2116 753 artem
2156 701 2217 753 et
2255 701 2439 753 struc-

401 773 622 879 [turam
673 770 1097 844 posterioribus
1168 771 1417 829 saeculis
1457 769 1701 847 inditam
1738 774 1951 844 putem.
2035 772 2241 844 Neque
2284 773 2439 830 enim

427 847 490 906 id
528 854 772 922 repente
810 845 1050 907 fortuito
1088 845 1324 920 factum,
1363 863 1564 905 verum
1603 846 1909 906 coniuncta
1947 848 2007 906 in
2045 847 2155 907 hoc
2180 848 2435 922 plurium

403 892 690 997 laetatum
726 924 1133 996 hominumque
1172 924 1371 983 studia
1406 924 1746 998 reperimus.
1824 924 1907 984 Ut
1932 929 2129 983 autem
2156 941 2244 998 ea,
2286 941 2438 997 quae

329 1009 413 1050 18⁵·
432 1000 560 1060 fieri
598 1018 713 1061 non
751 1006 1012 1075 possunt,
1052 999 1211 1060 facta
1249 1000 1493 1060 credere
1534 1001 1932 1060 stultissimum
1973 1007 2081 1075 est,
2121 1002 2207 1061 ita
2232 1018 2437 1061 caven—

432 1077 570 1138 dum
629 1078 804 1137 etiam
855 1076 1018 1151 illud,
1079 1093 1154 1136 ne
1203 1079 1500 1138 oculorum
1548 1083 1876 1138 nostrorum
1928 1078 2053 1137 acie
2091 1085 2336 1137 naturae
2376 1085 2438 1137 et

430 1170 627 1213 rerum
664 1153 809 1213 fines
848 1156 1172 1228 metiamur,
1237 1162 1299 1214 et
1337 1154 1492 1229 quod
1531 1171 1646 1216 non
1683 1155 1798 1229 ipsi
1835 1153 1962 1213 fieri
2002 1155 2334 1228 viderimuS‚
2368 1155 2437 1233 jd

427 1229 555 1291 fieri
594 1233 823 1291 omnino
881 1248 995 1291 non
1036 1249 1209 1306 posse
1247 1234 1568 1306 opinemur.
1648 1231 1767 1291 Sed
1805 1231 2168 1306 pergendum
2207 1239 2297 1290 est
2335 1248 2437 1291 no-

428 1308 518 1366 bis
558 1308 635 1367 ad
674 1308 921 1367 alterum
975 1324 1155 1381 genus
1196 1314 1688 1382 argumentorum,
1741 1326 1813 1367 ex
1850 1325 1983 1381 quo,
2036 1309 2266 1367 etiamsi
2301 1310 2437 1367 reli-

430 1401 547 1457 qua
584 1386 778 1444 omnia
805 1385 1164 1459 tollerentur,
1205 1386 1627 1460 inexplicabilis
1679 1384 1967 1445 dubitatio
1994 1391 2334 1444 nasceretur
2360 1385 2435 1443 de

428 1462 700 1521 universa
735 1459 923 1521 forma
960 1461 1165 1521 horum
1206 1462 1553 1522 Carminum.
1632 1462 1743 1521 Est
1784 1479 1855 1522 ea
1893 1479 2060 1531 nunc,
2101 1463 2305 1536 inquit,
2347 1467 2436 1520 ta·

429 1539 521 1611 lis,
562 1545 630 1596 ut
667 1554 776 1596 nec
815 1537 1038 1597 addere
1078 1538 1397 1612 quidquam
1436 1556 1544 1598 nec
1584 1538 1817 1598 demere
1856 1540 2031 1598 salvis
2059 1540 2286 1611 legibus
2320 1540 2436 1598 ele—

432 1616 668 1687 gantiae
716 1616 909 1674 liceat.
1000 1615 1212 1689 Audio,
1255 1621 1330 1685 ets
1375 1632 1447 1675 ex
1495 1622 1665 1691 parte
1723 1617 1897 1691 plane
1944 1614 2143 1688 video,
2168 1644 2177 1649 -
2206 1616 2435 1688 illisque

430 1690 882 1756 διασκευασταῖς
937 1691 1127 1752 habeo
1168 1693 1435 1766 gratiam.
1513 1694 1595 1752 At
1632 1709 1822 1753 nonne
1862 1692 2123 1752 omnibus
2166 1693 2279 1750 erit
2314 1708 2435 1751 ma-

429 1767 719 1839 nifestum,
762 1784 861 1827 eos
900 1768 992 1826 his
1032 1769 1305 1842 operibus
1346 1767 1768 1829 conformandis
1794 1769 2090 1844 propriam
2116 1773 2303 1827 artem
2331 1768 2437 1827 ad·

428 1844 705 1915 hibuisse,
748 1861 924 1917 quum
964 1845 1421 1906 demonstratum
1460 1844 1653 1919 fuerit,
1705 1848 1765 1905 in
1806 1851 2052 1918 utroque
2089 1862 2206 1905 non
2243 1845 2434 1919 modo,

430 1921 587 1993 quod
625 1926 763 1980 ante
803 1921 1201 1996 ostendebam,
1242 1924 1561 1997 particulas
1604 1922 1902 1996 quasdam,
1943 1922 2050 1981 sed
2074 1927 2230 1982 totas
2258 1923 2436 1995 rhap-

430 1996 625 2058 sodias
665 1999 885 2072 inesse,
940 2015 1090 2071 quae
1131 2001 1373 2060 Homeri
1411 2017 1525 2060 non
1565 2006 1727 2073 sunt,
1789 2000 1852 2058 id
1894 2006 1984 2060 est
2025 2000 2179 2072 eius,
2244 2017 2281 2059 a
2320 2016 2434 2072 quo

429 2076 614 2135 maior
653 2092 789 2149 pars
831 2082 892 2135 et
930 2077 1188 2148 priorum
1225 2077 1669 2151 rhapsodiarum
1709 2078 1892 2136 series
1933 2075 2186 2135 deducta
2226 2075 2356 2136 est?

588 2152 830 2212 Constat
868 2154 986 2211 iam
1029 2154 1166 2213 olim
1206 2154 1536 2213 dubitatum
1578 2170 1707 2213 esse
1749 2153 1822 2212 ab
1862 2152 2254 2227 Aristophane
2292 2154 2434 2226 Byz.

410 2234 495 2306 ,et
530 2229 870 2289 Aristarcho
884 2273 899 2300 ‚
950 2246 1065 2289 non
1103 2232 1274 2289 nimis
1316 2230 1635 2289 audacibus
1673 2232 1734 2288 in
1772 2230 1883 2289 hoc
1922 2246 2143 2301 genere
2189 2229 2439 2300 Criticis,

402 2306 505 2396 Jde
545 2308 894 2366 auctoritate
935 2312 1322 2376 extremorum
1349 2306 1648 2380 Odysseae
1687 2306 1822 2365 inde
1849 2323 1886 2364 a
1905 2304 1969 2383 φ.
1995 2309 2123 2365 297.
2189 2305 2441 2365 Eadem—

430 2398 543 2455 que
592 2381 878 2443 dubitatio
930 2384 1146 2460 iniecta
1195 2389 1286 2441 est
1348 2385 1524 2442 etiam
1575 2383 1651 2442 de
1689 2383 1906 2443 Iliados
1951 2379 2081 2455 ΩΙ).
2158 2383 2442 2442 Neutrius

176 2475 240 2546 ψ
326 2482 416 2523 136.
431 2460 666 2532 quidem
715 2460 1092 2519 dubitationis
1148 2476 1362 2520 causae
1426 2458 1505 2519 in'
1539 2465 1804 2519 neutram
1866 2466 2095 2534 partem
2154 2458 2345 2517 adhuc
2366 2457 2443 2518 ‘a

430 2553 717 2609 quoquam
758 2538 1082 2610 explicatae
1121 2542 1273 2610 sunt,
1312 2538 1545 2596 illorum
1585 2542 1781 2595 autem
1808 2542 2068 2594 veterum
2098 2535 2442 2609 disputatio-

427 2629 532 2671 nes
572 2629 780 2687 parum
818 2613 1075 2673 fideliter
1111 2613 1280 2673 nobis
1321 2612 1611 2672 traditae:
1651 2630 1786 2671 nam
1815 2629 1914 2671 eos
1941 2612 2233 2671 historicis
2260 2613 2442 2672 ratio*

429 2690 599 2748 nibus
642 2696 703 2747 et
742 2691 982 2761 antiqua
1021 2688 1177 2748 fama
1216 2690 1297 2749 ad
1336 2688 1784 2750 confirmandam
1820 2705 1945 2747 rem
1969 2706 2104 2748 usos
2136 2704 2266 2747 esse
2291 2690 2442 2747 veri-

567 2914 617 2978 1)
651 2911 736 2966 De
767 2910 1011 2979 Odyssea
1044 2907 1168 2962 vide
1204 2907 1382 2963 Schol.
1419 2908 1491 2962 ad
1525 2924 1575 2961 v.
1611 2924 1656 2961 c.
1694 2912 1749 2961 et
1785 2906 2038 2962 Eustath.
2073 2924 2127 2977 p.
2169 2911 2316 2963 1948.
2353 2911 2438 2964 47.

432 2977 738 3048 ibidemque
775 2978 996 3046 Clarkii,
1030 2977 1296 3031 Daceriae
1333 2982 1391 3030 et
1413 2975 1570 3044 Popii
1604 2976 1775 3038 Nott.,
1813 2975 1905 3030 ubi
1939 2976 2288 3030 Aristarchea
2322 2990 2441 3030 sen-

432 3048 607 3103 tentia
641 3055 698 3101 et
731 3048 858 3116 novi
892 3047 1167 3101 adiutores
1203 3044 1319 3099 eius
1342 3044 1683 3113 refelluntur,
1718 3044 2066 3099 Gasaubonus
2088 3050 2144 3098 et
2166 3044 2251 3098 Ra
2290 3045 2439 3098 inus:

434 3117 503 3171 de
538 3116 710 3170 Iliade
745 3115 910 3170 lensii
945 3114 1098 3169 Obss.
1143 3111 1210 3166 de
1252 3113 1376 3167 stilo
1422 3114 1581 3167 Hom.
1629 3129 1683 3181 p.
1718 3116 1837 3167 290.
1877 3120 1933 3166 et
1968 3113 2176 3166 Dawes.
2277 3112 2289 3124 ”
2321 3112 2438 3166 celL

434 3184 554 3238 crit.
589 3200 643 3251 p.
685 3188 797 3239 152.
814 3199 929 3251 sqq.
966 3188 1121 3237 contr
1193 3196 1261 3234 ue
1296 3181 1398 3235 hos
1431 3179 1563 3234 Ern.
1599 3181 1670 3235 ad
1704 3200 1765 3233 ω.
1808 3185 1852 3234 1.
1903 3179 2220 3249 Quanquam
2254 3181 2440 3234 Dawe-

435 3254 547 3306 sius
580 3251 787 3319 primus
822 3252 985 3304 etiam
1019 3251 1082 3304 Il.
1165 3288 1177 3301 .
1215 3254 1387 3303 totam
1419 3250 1509 3302 vel
1541 3264 1792 3316 magnam
1831 3248 1947 3302 eius
1969 3257 2181 3316 partem
2202 3248 2439 3303 Homero

436 3319 710 3387 indignam
747 3318 1095 3373 iudicaverat.
1165 3315 1231 3369 In
1264 3317 1506 3386 Odyssea
1550 3324 1836 3385 praeterea
1870 3316 2025 3371 codd.
2062 3316 2135 3370 ali
2173 3323 2268 3371 uot
2301 3316 2436 3369 indi-

435 3388 578 3441 cium
611 3387 814 3440 habent
850 3387 992 3440 illius
1027 3403 1118 3440 sus
1156 3384 1345 3439 icionis
1398 3392 1460 3438 ut
1493 3384 1811 3439 Olarkiauus
1834 3400 1869 3438 a
1891 3384 1991 3438 Th.
2014 3384 2156 3439 Bent
2178 3386 2262 3439 eio
2280 3384 2440 3439 colla-

435 3461 542 3522 tus,
578 3461 636 3508 et
669 3454 775 3508 duo
810 3453 1074 3508 vindobb.
1159 3490 1176 3507 .
1214 3459 1271 3506 et
1304 3425 1601 3508 cmm.
2362 3459 2369 3469 ·
