2734 4000
1235 189 1462 242 -103
1516 169 1591 224 --’

407 337 622 397 Iehova
662 352 789 395 cum
828 334 1065 394 Achabo
1104 335 1150 393 I.
1191 335 1382 408 Regg.
1424 334 1622 393 XXH:
1696 333 1814 392 Sed
1839 332 2107 407 HippiaS,
2150 334 2413 393 acumine

410 414 632 473 artibus
670 413 926 487 Loyolae
966 412 1140 484 digno
1155 457 1171 484 ,
1224 412 1465 471 verbum
1513 409 1742 489 δίδομεν
1782 412 2028 469 mutavit
2065 412 2126 468 in
2165 408 2413 487 διδόμεν,

410 489 746 549 infinitivum
785 508 892 563 pro
931 490 1275 562 imperativo
1318 489 1737 562 accipiendum,
1788 492 1854 545 ut
1892 489 2280 561 transpositus
2322 504 2417 547 ac-

411 573 610 627 centus
651 568 878 640 culpam
918 565 1140 625 fraudis
1181 583 1218 624 a
1255 567 1394 625 Iove
1449 566 1721 624 reiiceret
1758 565 1819 622 in
1860 564 2169 623 Somnium.
2248 562 2418 624 Alter

409 646 571 704 locus
614 649 706 703 est
743 641 805 722 ψ.
849 651 1012 717 328.,
1073 643 1146 702 ab
1203 644 1301 702 illo
1353 644 1440 701 ita
1498 647 1791 702 correctus
1847 646 1913 699 ut
1961 641 2134 702 hodie
2177 642 2416 714 legitur.

410 722 526 782 Ubi
567 721 617 779 si
656 721 907 795 Hippias
946 721 1165 793 primus
1209 721 1345 778 olim
1375 720 1673 792 vulgatum
1699 714 1767 776 οὗ
1792 719 2029 792 expulit,
2073 719 2419 790 aequalesve

413 800 537 857 eius
587 799 732 857 alias
782 799 932 857 tales
993 798 1311 870 scripturas
1367 798 1428 855 in
1479 797 1757 870 exemplis
1822 796 1941 854 suis
2002 801 2419 869 propagarunt,

413 875 598 948 qualis
637 891 822 948 nuper
863 891 934 934 ex
972 873 1280 939 πολιτικοῖς
1319 875 1555 946 cognita
1596 879 1685 948 est
1710 875 1771 930 in
1790 892 1856 948 φ.
1884 879 2017 930 454.
2047 869 2420 950 θηλυτεράων

410 969 518 1026 pro
558 951 936 1011 Aristarchea
977 948 1371 1029 τηλεδαπάων,
1413 949 1582 1009 facile
1622 950 1968 1022 intelligitur
2010 964 2081 1006 ex
2118 949 2207 1007 his
2239 949 2422 1021 speci-

413 1028 680 1101 111111111113,
722 1045 892 1100 quam
932 1029 1130 1105 turpia
1169 1029 1311 1087 vitia
1348 1029 1647 1087 haeserint
1673 1028 1733 1084 in
1762 1026 2039 1098 exemplis
2064 1026 2234 1084 huius
2263 1030 2421 1085 aeta-

413 1107 508 1164 tis.
579 1106 695 1165 Sed
751 1106 825 1164 de
877 1106 990 1163 illis
1041 1106 1212 1177 plura
1261 1106 1399 1163 licet
1451 1105 1738 1178 suspicari
1778 1119 1948 1176 quam
1989 1103 2154 1161 scire.
2236 1102 2424 1174 Quum

416 1188 614 1241 autem
675 1198 772 1241 eos
825 1198 1053 1254 quoque
1093 1183 1249 1242 locos
1290 1181 1551 1255 Homeri,
1593 1183 1691 1253 qui
1737 1181 1811 1240 ab
1850 1179 2151 1239 Herodoto
2195 1184 2256 1237 et
2295 1180 2424 1237 aliis

417 1259 833 1331 antiquioribus
876 1258 1253 1332 scriptoribus
1293 1259 1623 1331 laudantur,
1665 1275 1779 1318 non
1818 1274 1951 1317 raro
1993 1272 2029 1315 a
2066 1256 2321 1315 librariis
2348 1255 2426 1315 ad

414 1337 712 1408 vulgarem
752 1334 993 1395 formam
1040 1341 1234 1394 textus
1289 1342 1546 1395 mutatos
1590 1352 1719 1394 esse
1761 1352 1832 1394 ex
1870 1336 2126 1408 ipsorum
2166 1332 2428 1391 codicum

414 1413 703 1484 hodieque
744 1412 1102 1472 exstantibus
1144 1413 1337 1471 lituris
1379 1419 1684 1486 appareat,
1725 1428 1897 1484 quam
1938 1410 2229 1468 diversum
2266 1410 2428 1468 illum
2454 1417 2529 1458 16⁹

414 1489 671 1550 habituri
713 1506 998 1562 essemus,
1050 1490 1101 1546 si
1155 1506 1227 1549 ex
1279 1489 1642 1549 bibliotheca
1691 1489 1934 1549 alicuius
1990 1486 2298 1560 Sophistae
2336 1488 2427 1547 vel

416 1567 643 1641 pulchri
682 1565 1118 1640 Euthydemiu)
1162 1566 1525 1639 descriptum
1566 1567 1986 1639 acciperemus!

569 1643 720 1703 Nam
759 1645 873 1702 illis
913 1645 1028 1702 iam
1068 1643 1432 1717 temporibus
1474 1645 1710 1717 vigente
1738 1643 1979 1702 libraria
2006 1642 2256 1715 quadam
2280 1657 2429 1701 mer.-

419 1726 639 1794 catura,
678 1720 833 1779 haud
874 1720 1046 1780 dubie
1086 1721 1259 1794 copia
1302 1721 1720 1794 exemplarium
1759 1719 1871 1778 fuit
1910 1719 2067 1792 apud
2104 1720 2431 1778 litteratum

421 1813 731 1870 quemque,
781 1799 841 1855 in
890 1797 1093 1871 primis
1146 1798 1304 1870 apud
1345 1798 1660 1870 magistros
1702 1798 2028 1856 scholarum
2051 1841 2066 1869 ,
2118 1797 2217 1868 qui
2258 1801 2432 1854 antea

420 1876 751 1934 memoriter
801 1875 992 1945 omnia
1039 1876 1381 1948 praeierant
1433 1874 1750 1948 discipulis.
1832 1873 1985 1932 Hinc
2026 1878 2117 1931 est
2162 1878 2301 1932 nota
2340 1873 2431 1930 ira

419 1950 738 2011 Alcibiadis
789 1953 848 2010 in
899 1952 1186 2012 hominem
1229 1952 1386 2010 illius
1429 1951 1675 2024 ordiniS,
1737 1950 1894 2025 apud
1934 1966 2104 2024 quem
2145 1966 2317 2022 quum
2357 1965 2431 2007 ne

317 2052 322 2056 ·
421 2046 593 2088 unam
647 2029 877 2101 quidem
926 2029 1299 2103 rhapsodiam
1352 2029 1570 2088 Iliados
1623 2030 1966 2101 invenisset,
2020 2029 2148 2086 cola
2189 2028 2324 2085 hum
2377 2027 2430 2085 ei

422 2105 699 2164 inflixisse
757 2105 1073 2178 ‹licitus-⁸⁵).
1170 2107 1331 2179 Ergo
1392 2106 1678 2179 postulari
1737 2110 1861 2163 tum
1887 2110 2127 2179 ‘potera
2165 2149 2180 2176 ‚
2244 2109 2312 2162 ut
2367 2104 2432 2161 ,in

423 2184 622 2243 schola
659 2182 807 2241 bene
846 2184 1112 2243 instituta
1155 2184 1453 2257 exemplar
1492 2182 1733 2244 Homeri
1776 2187 1949 2254 esset,
1991 2183 2043 2240 si
2080 2182 2267 2238 minus
2308 2180 2433 2237 uni-

424 2275 627 2318 versae
665 2260 889 2333 poesis,
940 2265 1002 2318 at
1051 2260 1380 2332 aliquarum
1422 2266 1585 2319 certe
1624 2260 1896 2334 partium.
1980 2259 2263 2331 Quocirca
2300 2273 2433 2315 mox

426 2337 572 2396 alius
610 2337 893 2410 magister
931 2353 1060 2396 sese
1101 2338 1312 2397 obtulit
1354 2337 1651 2396 Alcibiadi
1694 2338 1911 2409 (1133113,
1953 2335 2171 2394 habere
2212 2350 2275 2392 se
2314 2333 2432 2392 Ho-

424 2430 662 2485 merum,
706 2419 773 2473 et.
805 2413 1038 2486 quidem
1079 2431 1114 2473 a
1155 2430 1218 2472 se
1258 2415 1390 2486 ipso
1434 2414 1822 2472 emendatum.
1892 2414 2039 2471 Tum
2066 2412 2187 2481 ille,
2224 2409 2433 2469 Itane?

425 2491 637 2562 inquit:
678 2495 745 2548 tu
782 2490 1095 2551 Homerum
1140 2490 1455 2549 emendare
1500 2492 1635 2562 3313,
1681 2496 1741 2550 et
1778 2497 1977 2549 tamen
2003 2505 2214 2563 pueros
2242 2487 2433 2567 doceS,

426 2583 494 2626 ac
533 2584 646 2626 non
684 2568 878 2640 potius
919 2567 1352 2627 adolescentes!

1204 2781 1646 2857 XXXVIII.

584 2952 680 3011 Ha
689 2968 756 3011 ec
795 2956 1053 3015 narratio
1092 2953 1261 3013 nobis
1303 2954 1662 3016 occasionem
1705 2951 1873 3012 offert
1912 2952 1973 3009 in
1999 2951 2329 3012 universum
2356 2949 2440 3007 di-

431 3028 603 3089 cendi
640 3030 913 3090 nonnulla
953 3031 1026 3090 de
1066 3036 1199 3092 ortu
1239 3030 1418 3089 studii
1459 3031 1674 3104 critici,
1730 3045 1800 3088 ex
1860 3028 2068 3101 quibus
2110 3027 2440 3086 existimare

570 3194 642 3260 34)
676 3192 922 3261 Xenoph.
959 3192 1036 3246 M.
1073 3190 1125 3246 S.
1159 3189 1254 3259 IV,
1289 3194 1340 3259 2,
1381 3196 1425 3245 1.

569 3281 642 3345 35)
677 3278 816 3333 Plut.
851 3277 907 3332 in
941 3275 1116 3333 Alcib.
1171 3292 1226 3344 p.
1268 3280 1381 3331 194.
1431 3277 1498 3331 D.
1552 3277 1620 3331 cf.
1692 3274 2094 3343 Apophthegm.
2129 3288 2182 3340 p.
2224 3274 2335 3326 186.
2371 3271 2438 3350 D,

432 3346 644 3401 Aelian.
680 3345 744 3400 V.
779 3346 848 3401 H.
882 3346 1035 3408 XIII,
1073 3350 1155 3400 38.
1193 3344 1287 3398 ubi
1321 3362 1372 3399 v.
1408 3345 1650 3399 Perizon.
1676 3343 1886 3399 collatis
1908 3356 2048 3411 quae
2073 3356 2136 3395 su
2176 3356 2237 3394 ra
2258 3354 2441 3393 monm

433 3430 552 3484 cap.
587 3414 761 3470 XXV.
798 3414 896 3469 sub
930 3415 967 3469 f.
1002 3414 1186 3468 Minus
1221 3413 1473 3482 ambigue
1509 3413 1651 3467 Plut.
1692 3412 1828 3467 dixit
1862 3410 2078 3478 βιβλίον
2158 3408 2403 3478 μηΡικόν.
