2734 4000
1156 283 1383 342 —1'79
1448 315 1517 324 --

499 437 650 509 [Hoc
678 452 903 508 quoque
945 436 1130 494 simile
1171 436 1323 508 quod
1363 453 1471 509 par
1509 438 1567 493 in
1607 441 1850 508 utroque
1892 453 2066 510 opere
2108 442 2331 510 strages

335 514 498 574 facta
538 519 627 572 est
664 518 920 572 veterum
961 529 1198 586 operum
1238 513 1313 572 ad
1352 514 1452 572 illa
1491 513 1835 572 illustranda
1875 519 1935 573 et
1975 514 2333 573 emendanda

342 591 774 666 pertinentium.
858 590 1033 662 Quasi
1071 606 1179 664 per
1218 591 1523 663 caliginem
1564 591 2020 650 animadvertere
2035 591 2108 660 ⁵⁰)
2147 593 2330 665 possi-

334 686 464 728 mus
505 684 576 727 ea
632 685 780 740 quae
807 667 962 726 circa
1001 664 1302 746 διασκευήν
1341 673 1400 726 et
1435 685 1567 727 mox
1611 669 1738 727 aliis
1766 668 1948 727 modis
1975 667 2131 728 facta
2155 672 2331 742 sunt].

342 747 441 806 Sic
480 744 716 804 Masora
756 745 1090 818 saepissime
1130 746 1189 802 in
1229 746 1589 818 corruptelas
1629 751 1822 805 textus
1861 746 2113 818 vulgaris
2152 746 2335 805 nostri

335 823 675 895 conspirat3
747 821 898 880 idem
950 821 1160 881 accidit
1219 839 1617 894 nonnunquam
1667 824 1726 880 in
1784 823 2035 882 Homero
2052 868 2068 895 ‚
2128 828 2194 882 ut
2239 841 2332 882 su-

340 904 545 973 specta
584 900 712 958 loca
765 904 824 957 et
862 899 1135 959 lectiones
1175 897 1423 958 omnium
1465 899 1817 960 Scholiorum
1857 906 1916 959 et
1953 897 2335 977 παραδόσεως

339 975 699 1044 ειιιοῐοῐίῐειῐθ,
730 975 1126 1035 defendantur.

496 1054 734 1113 Masora
770 1053 963 1111 multis
1003 1053 1236 1127 ineptiis
1267 1058 1326 1112 et
1354 1053 1595 1112 exilibus
1622 1056 2153 1129 superstitiosisque
2180 1073 2332 1115 com-

337 1131 549 1190 mentis
591 1131 856 1204 oppleta3
893 1130 1039 1189 haec
1066 1131 1363 1203 congeries
1394 1130 1745 1190 Scholiorum
1772 1150 1883 1193 non
1911 1138 2072 1192 caret
2098 1133 2328 1192 talibus,

336 1208 471 1267 Etsi
513 1207 720 1267 Graeci
761 1207 933 1266 aliter
972 1207 1239 1280 delirant,
1280 1207 1451 1266 aliter
1487 1208 1525 1267 J
1528 1208 1727 1281 udaei;
1782 1216 1841 1269 et
1880 1211 2052 1269 aliter
2090 1211 2188 1282 qui
2224 1211 2330 1268 lin-

347 1301 497 1421 gulae
539 1285 967 1400 grammaticam
1008 1284 1286 1345 rationem
1327 1290 1490 1344 tenet
1528 1286 1698 1346 aliter
1736 1288 1833 1359 qui
1874 1304 1999 1347 eam
2026 1305 2138 1348 non
2165 1294 2331 1347 curat

340 1364 402 1421 in
444 1367 606 1422 octus
669 1365 710 1434 ).

495 1439 731 1498 Masora
774 1445 832 1498 et
856 1439 1084 1499 Scholia
1122 1439 1360 1500 Homeri
1403 1439 1658 1515 Corpora
1697 1448 1830 1501 sunt
1870 1443 2113 1502 diversis
2141 1442 2328 1501 diver-

341 1533 535 1575 sarum
575 1522 853 1575 aetatum·
874 1517 1299 1576 excussionibus
1340 1520 1707 1592 completata.

983 1614 1040 1641 -A
1076 1614 1118 1668 d
1154 1635 1236 1661 Μ

542 1695 614 1762 ³0)
647 1692 841 1748 videre.
1048 1695 1119 1764 51)
1154 1694 1316 1748 rudis.

765 3406 906 3457 'rypis
933 3407 1236 3457 Draga-inuis
1264 3408 1314 3450 O.
1346 3409 1544 3451 Felehtss
1576 3412 1893 3455 Borounensis.

866 3543 1121 3596 Sumptssms
1148 3545 1193 3589 S.
1224 3546 1418 3595 colvm
1446 3548 1626 3598 ejusque
1651 3550 1778 3592 socii.
