2734 4000
1119 282 1193 302 --¹·
1251 259 1478 317 137—

291 415 598 490 quentibus
660 412 892 474 criticis
957 414 1018 472 in
1081 411 1382 484 vulgatum
1445 416 1671 471 textum
1721 416 1966 485 recepta
1982 410 2075 483 ⁹⁸).
2159 410 2298 470 Alia
2363 452 2372 459 .

291 498 504 561 autem,
544 507 696 565 quae
736 490 946 550 deinde
972 493 1272 549 mutarunt
1290 489 1384 547 vel
1408 489 1737 548 reiecerunt
1763 488 2020 548 editores
2045 492 2294 556 veteres,
2322 492 2399 536 ²²⁸
2434 526 2437 529 >

289 587 405 631 non
446 575 581 628 sunt
619 568 812 628 omnia
851 566 1153 639 eiusmodi,
1195 570 1261 624 ut
1297 564 1796 644 mutandi00ausae
1823 565 2127 624 videantur
2153 565 2297 624 satis

422 773 497 841 98)
531 770 669 825 Vide
704 770 774 825 ad
809 787 862 824 α.
889 771 1005 824 108.
1042 771 1167 824 298.
1208 771 1324 824 553.
1361 769 1424 835 β.
1447 772 1532 824 53.
1573 772 1690 825 164.
1727 771 1846 824 436.
1870 771 1991 828 447.
2025 787 2077 839 r.
2105 774 2185 826 18.
2209 774 2298 826 35.

286 839 403 907 (ubi
435 839 563 894 licet
599 837 828 905 dubites,
863 838 1072 916 παρειαί
1107 851 1176 890 ne
1211 836 1534 916 praetulerit
1558 837 1904 892 Aristarchus
1941 853 2012 891 an
2035 840 2296 908 παρειάςε
2358 904 2363 909 ,
2476 860 2485 871 ’

285 924 411 963 nam
446 908 502 963 in
535 907 674 962 Ven.
708 911 880 972 textu,
916 910 1056 959 sicut
1088 905 1145 958 in
1168 904 1457 973 Lipsiensi,
1493 904 1694 973 legitur
1716 905 1923 975 παρειαί
1934 925 1947 959 :
1982 906 2125 961 idem
2147 912 2295 962 certe

286 978 503 1046 utrique
538 974 806 1044 placuisse
841 973 1185 1053 perspicuum
1224 979 1323 1041 est,
1371 972 1529 1053 etz-cf.
1565 972 1636 1027 ad
1712 1018 1720 1026 .
1758 977 1901 1042 491.)
1937 977 2056 1029 227.
2094 994 2139 1028 ε.
2176 979 2294 1054 638.

288 1044 403 1114 (ubi
449 1050 575 1114 post
616 1043 979 1112 ineptisslmos
1016 1041 1286 1096 dissensus
1322 1041 1642 1097 criticorum
1663 993 1746 1096 {le
1782 1056 1898 1097 voc.
1936 1041 2046 1095 οἷον
2083 1043 2140 1096 in
2173 1047 2296 1096 Arl-

285 1113 573 1237 220923'?
600 1112 933 1236 Ξὲἓρῐῗωέὂ
960 1115 1109 1234 ”3⁰3⁶
1146 1115 1662 1234 iifffitimffi’v'eff
1677 1112 1720 1170 ζ·
1737 1113 1886 1233 2478&
1911 1113 2087 1235 '‘4⁷²⁶’'
2125 1110 2295 1234 ⁵133·

287 1252 347 1317 φ.
382 1253 502 1306 463.
571 1250 637 1303 In
669 1247 941 1302 nonnullis
976 1245 1192 1314 quidem
1226 1246 1421 1301 horum
1455 1245 1760 1300 Aristarchi
1793 1262 1990 1301 nomen
2024 1198 2131 1303 ηοξ
2166 1249 2295 1318 legi·

286 1325 393 1386 tur,
463 1333 568 1371 uae
602 1322 784 1371 tamen
819 1314 890 1370 ad
923 1315 1303 1383 auctoritatem
1339 1315 1484 1368 illius
1510 1314 1798 1369 reterenda
1822 1329 1939 1369 esse
1964 1316 2147 1384 paullo
2211 1322 2297 1372 ost

285 1386 458 1454 proba
495 1385 640 1441 iliter
673 1383 966 1440 ostendam.
1038 1380 1194 1450 Quod
1247 1383 1293 1436 si
1329 1383 1555 1438 eruditis
1590 1383 1907 1452 probavero,
1944 1385 2166 1453 Aristop
2206 1386 2295 1439 ani

286 1453 667 1509 celeberrimus
736 1451 1032 1520 discipulus
1099 1451 1156 1505 in
1218 1450 1304 1505 his
1361 1452 1696 1523 ἀθετήσεσιν
1757 1450 2117 1533 Qipulatus
2177 1459 2294 1507 est:

293 1539 352 1593 θ.
395 1542 732 1624 Σεὲ-166.
809 1542 925 1594 189.
1011 1525 1132 1592 §3—5.
1204 1555 1237 1590 ι.
1292 1541 1620 1619 sat-ess.
1677 1556 1724 1592 κ.
1776 1539 2292 1621 387.—397-399.

286 1625 331 1678 λ.
391 1625 683 1681 766-784.
737 1623 1068 1691 (νῶϊ-υἱός)
1124 1620 1292 1704 &Le-s.
1329 1627 1447 1678 213.
1486 1626 1776 1680 317—327.
1814 1643 1864 1681 0.
1900 1624 2121 1680 56-77.
2179 1627 2292 1679 147.

290 1712 405 1765 148.
442 1728 497 1764 π.
533 1712 651 1763 261.
689 1726 737 1761 σ.
769 1710 891 1763 597.
928 1712 1053 1763 598.
1083 1725 1132 1760 τ.
1158 1708 1276 1764 327.
1315 1710 1374 1774 φ.
1410 1713 1528 1764 824.
1565 1713 1684 1764 825.
1722 1728 1784 1762 ω.
1813 1711 1965 1764 6-9.
2001 1710 2292 1765 614-617.
2335 1728 2346 1740 ·

287 1777 494 1844 Quibus
527 1776 584 1829 in
619 1775 779 1844 locis,
824 1776 870 1828 si
905 1790 1108 1844 paucos
1144 1776 1450 1845 exceperis,
1495 1777 1716 1846 egregia
1749 1777 1962 1831 critices
1997 1793 2023 1829 s
2063 1777 2292 1831 ecimina

286 1861 432 1913 esse,
477 1850 533 1900 et
567 1844 765 1913 partim
800 1843 1059 1923 imitanda
1094 1844 1225 1898 mihi
1256 1845 1518 1924 putabam
1552 1845 1706 1899 uncis
1741 1845 2010 1914 expedien
2047 1845 2093 1898 is
2112 1885 2127 1914 ,
2162 1861 2292 1914 quo·
2344 1872 2351 1878 ·

285 1930 405 1968 rum
442 1912 738 1968 defensioni
773 1912 910 1965 alius
947 1912 1096 1967 locus
1132 1912 1434 1967 destinatus
1470 1919 1568 1969 est.

423 1981 530 2037 Hic
566 1987 623 2036 et
658 1996 755 2036 eae
791 1981 1089 2052 ἀθετήσεις
1123 1981 1402 2037 addendae
1426 1987 1568 2045 sunt,
1603 1981 1660 2035 in
1684 1981 1879 2051 quibus
1902 1981 2292 2050 Aristophanes

284 2050 621 2106 Zenodotum
657 2056 873 2104 secutus
909 2056 993 2104 est
1027 2057 1261 2118 quatuor
1276 2051 1464 2105 modis.
1522 2049 1742 2105 Etenim
1765 2051 1932 2119 aliqui
1956 2064 2144 2104 versus
2167 2051 2292 2105 abe·

286 2124 412 2173 rant
445 2118 513 2172 ab
551 2118 832 2186 utriusque
867 2123 1042 2183 textu,
1076 2125 1138 2171 ut
1175 2119 1280 2174 duo
1315 2120 1402 2173 hi:
1442 2121 1586 2188 (nam
1623 2120 1808 2188 plures
1843 2135 1950 2173 non
1985 2123 2242 2173 notantur
2254 2123 2292 2185 ε)

284 2205 331 2240 κ.
367 2191 486 2243 498.
524 2192 580 2241 et
615 2205 657 2238 ο.
698 2191 779 2240 33.
853 2185 1075 2240 Talibus
1125 2202 1254 2256 ergo
1301 2186 1435 2241 levis
1482 2185 1615 2241 fides
1662 2193 1746 2241 est
1790 2187 1857 2241 ab
1909 2186 2293 2254 antiquissimis

284 2254 462 2322 libris3
499 2260 576 2322 ut,
613 2255 659 2307 si
694 2255 762 2308 de
799 2270 903 2309 vss.
939 2255 1099 2309 huius
1135 2256 1348 2323 generis
1385 2263 1636 2310 accurate
1670 2271 2013 2310 moneremur
2048 2256 2105 2308 in
2130 2254 2292 2309 Scho-

283 2323 388 2387 liis,
423 2340 531 2377 non
566 2323 785 2378 dubium
824 2330 922 2390 est,
959 2322 1090 2391 quin
1122 2324 1284 2395 vulgo
1317 2339 1461 2377 nunc
1494 2324 1663 2378 multo
1700 2324 1861 2379 aliter
1895 2329 1951 2377 et
1985 2322 2188 2377 rectius
2224 2321 2292 2377 de

285 2391 510 2460 antiqua
542 2391 645 2446 hac
682 2390 911 2446 audacia
933 2391 1257 2462 ἀθετήσεων
1284 2392 1605 2445 sentiremus
1681 2391 1788 2447 Sed
1805 2407 1981 2461 pauca
2004 2391 2114 2460 illa,
2151 2406 2292 2459 quae

283 2459 619 2529 accepimus,
663 2475 856 2513 manca
890 2464 1016 2512 sunt
1050 2460 1319 2514 interdum
1355 2466 1411 2513 et
1445 2459 1681 2529 turbata,
1731 2466 1988 2529 tanquam
2023 2460 2080 2513 in
2115 2460 2294 2527 priore

282 2528 507 2582 istorum
544 2542 698 2581 exem
737 2528 927 2594 lorum,
963 2545 1010 2580 κ.
1034 2531 1171 2595 498.,
1207 2528 1294 2583 cui
1328 2528 1511 2582 versui
1544 2544 1683 2582 unus
1719 2529 1909 2583 saltem
1946 2542 2015 2582 ex
2037 2527 2295 2596 proximis

285 2610 465 2651 comes
499 2594 676 2650 adden
712 2611 778 2649 us
810 2595 1041 2649 videtur.
1095 2595 1233 2650 Tum
1269 2596 1362 2650 alii
1393 2611 1581 2650 versus
1604 2613 1637 2651 a
1660 2597 1933 2651 Zenodoto
1961 2597 2294 2667 ὴθετημένοι

284 2669 455 2727 erant,
491 2679 627 2732 quos
660 2663 822 2732 plane
858 2662 1039 2718 omisit
1063 2665 1471 2733 Aristophanes.
1530 2663 1733 2719 Verum
1770 2671 1981 2718 tantum
2005 2680 2146 2718 unus
2171 2664 2296 2717 talis

283 2737 520 2800 notatur,
539 2733 588 2793 ἔ.
609 2736 723 2787 114.
759 2733 900 2786 Item
925 2748 1091 2785 unum
1116 2733 1420 2802 exemplum
1444 2732 1675 2801 legimus
1696 2748 1947 2786 versuum
1971 2731 2039 2786 ab
2064 2739 2295 2800 utroque

285 2801 661 2871 ὴθετημένων,
696 2819 732 2869 η
779 2804 1063 2858 195--199Ι
1136 2801 1327 2869 Longe
1359 2802 1564 2870 plures,
1602 2801 1796 2869 quibus
1831 2807 2013 2855 notam
2049 2800 2295 2855 reiectio-

283 2865 368 2921 nis
401 2883 436 2921 a
474 2870 742 2937 pinxerat,
787 2884 857 2922 ex
891 2883 957 2922 eo
993 2884 1190 2938 genere
1228 2879 1401 2937 erant,
1454 2869 1599 2938 quod
1649 2885 1719 2924 ne
1755 2869 2045 2936 scripserat
2079 2868 2295 2937 quidem

285 2937 402 2990 Zen
472 2941 612 3006 otus,
650 2937 778 2988 οὐδὲ
815 2937 1022 3007 ἐγεγρά
1064 2955 1126 2991 ει.
1190 2936 1418 3006 Quales,
1466 2939 1512 2992 si
1548 2937 1861 2992 Scholiastis
1896 2936 2192 3004 credimus,
2237 2936 2295 2989 hi

284 3001 621 3073 potissimum
674 3010 830 3059 erant
881 3006 949 3059 ab
1003 2956 1368 3072 Kristophane
1425 3007 1756 3077 ὴθετημένοι
1805 3005 1843 3058 i.
1879 3020 1925 3060 e.
1979 3007 2109 3057 notis
2156 3023 2293 3057 com-

280 3074 492 3140 puncti:
537 3071 594 3126 θ.
630 3076 749 3128 284.
785 3075 1077 3129 385-387.
1112 3078 1230 3129 553.
1274 3078 1395 3129 554.
1435 3091 1453 3126 ι
1495 3078 1716 3129 23-25.
1750 3078 1866 3129 690.
1905 3092 1954 3127 κ.
1978 3076 2096 3128 253.
2134 3073 2180 3125 λ.
2210 3076 2289 3127 13.

290 3144 370 3195 14.
406 3141 629 3195 78-83.
671 3144 787 3196 180.
822 3145 940 3196 356.
976 3145 1091 3196 515.
1128 3160 1185 3205 μ.
1230 3145 1518 3198 175-180.
1556 3146 1678 3196 450.
1748 3141 1869 3196 Uno
1906 3141 2140 3210 denique
2175 3142 2295 3196 loco

285 3227 343 3278 φ.
384 3211 515 3276 130.,
550 3208 644 3262 ubi
678 3208 822 3263 hunc
857 3215 914 3263 et
948 3224 1097 3278 seqq.
1134 3214 1169 3265 5
1218 3226 1410 3266 vorsus
1443 3209 1819 3278 compunxisse
1855 3210 2053 3265 dicitur
2086 3209 2295 3265 Aristo-

283 3275 508 3346 phanes,
544 3277 705 3332 unius
737 3277 900 3332 huius
935 3278 1232 3333 auctoritas
1268 3278 1525 3336 laudatur
1558 3293 1815 3332 seorsum.

420 3344 538 3399 Iam
589 3360 849 3400 summam
894 3345 971 3401 ini
1005 3361 1257 3401 versuum
1303 3347 1540 3402 omnium
1554 3386 1570 3415 ‚
1613 3346 1741 3402 huic
1785 3345 1985 3401 critico
2020 3349 2295 3414 suspecto·

283 3429 430 3474 rum
481 3418 540 3468 et
572 3413 790 3468 minime
824 3413 1090 3469 mirabere
1103 3454 1120 3482 ,
1166 3431 1266 3470 cur
1310 3415 1404 3469 ille
1436 3431 1472 3470 a
1506 3415 1779 3470 veteribus
1814 3429 2077 3483 nusquam
2111 3428 2295 3482 repre-

284 3481 557 3537 hendatur
589 3482 660 3537 ob
694 3481 888 3538 nimias
921 3482 1232 3554 ἀθετήσεις.
1302 3485 1474 3539 Immo
1512 3483 1644 3538 satis
1677 3482 1921 3539 modeste
1956 3482 2103 3552 fecit,
2150 3481 2296 3551 quod
