2734 4000
1165 291 1240 302 -—
1285 265 1393 318 121
1448 292 1523 301 —

463 360 490 374 Ι
1673 354 1797 411 ἁμέ-ἵ
2150 364 2335 417 “ff-„mma
2374 360 2521 385 tvvm

491 413 606 474 Sed
656 415 965 487 plerosque
1014 414 1215 472 horum
1272 414 1549 472 librorum
1603 414 1747 473 situs
1791 414 2006 473 dudum
2051 421 2111 474 et
2149 416 2342 474 tineae
2372 428 2446 470 19‘1

334 497 775 567 occupaverant,
806 507 977 562 quum
1001 489 1361 549 Scholiastae
1389 491 1574 549 nostri
1594 494 2032 551 commentarios
2055 510 2188 551 suos
2212 509 2345 551 con-

336 569 684 629 scribebant.
755 568 907 640 Quin
934 568 1110 626 etiam
1137 568 1462 641 principum
1492 567 1854 640 criticorum,
1900 573 2179 637 Zenodoti,
2212 571 2344 625 Ari-

335 648 633 719 stophanis,
679 647 1000 716 Aristarchi,
1051 646 1293 716 Cratetis,
1333 645 1701 703 recensiones
1744 650 1805 703 et
1829 646 2339 719 interpretationes

335 724 450 782 iam
490 728 614 781 tum.
652 738 766 780 non
808 726 975 779 erant
1013 722 1073 778 in
1114 719 1415 780 doctorum
1442 721 1706 780 manibus
1733 723 2015 794 integrae.
2085 722 2342 781 Tametsi

336 816 444 873 per
481 799 582 857 illa
621 799 855 856 saecula
892 803 1193 870 totumque
1231 796 1501 870 medium,
1558 797 1711 870 quod
1769 804 1993 867 vocant,
2045 815 2247 858 aevum
2286 800 2348 856 in

241 887 252 891 ’
337 877 532 948 aliqua
558 875 909 934 bibliotheca
935 875 1084 933 liber
1110 875 1301 947 potuit
1328 876 1694 947 incorruptus
1725 876 1929 948 latere,
1974 892 2143 948 quem
2170 876 2343 948 vulgo

336 954 396 1011 in
418 951 736 1026 deperditis
758 952 1155 1024 numerabant,
1178 952 1268 1010 vel
1289 952 1347 1008 in
1368 949 1616 1027 frustula
1638 951 1950 1010 dissectum
1973 952 2343 1025 legebantssss).
2407 944 2495 997 Μ’
2520 942 2566 984 0⁹
2592 964 2601 980 “

335 1029 621 1088 Nimirum
661 1028 766 1087 sub
806 1029 1071 1101 Augusto
1114 1034 1173 1087 et
1211 1028 1474 1101 proxima
1515 1033 1727 1101 aetate,
1770 1045 1918 1101 quae
1960 1030 2077 1088 cito
2119 1031 2346 1088 litteras

335 1105 760 1164 Alexandrinas
784 1105 858 1163 ad
887 1106 1229 1164 tenuitatem
1257 1104 1725 1177 compendiorum
1752 1106 2022 1178 redigere
2051 1112 2345 1180 coeperat,
2374 1119 2449 1159 198

336 1184 616 1242 lectiones
658 1187 720 1240 et
758 1181 1192 1241 emendationes
1232 1182 1464 1241 illorum
1504 1183 1861 1254 aliorumque
1901 1184 2062 1242 vario
2103 1184 2344 1242 consilio

337 1264 650 1333 excerptae
691 1275 727 1317 a
764 1260 958 1318 multis
1000 1274 1108 1332 per
1146 1258 1366 1316 Lexica
1408 1264 1467 1317 et
1509 1257 1967 1319 Commentarios
2012 1266 2072 1318 et
2115 1260 2348 1319 Scholia

334 1335 841 1410 dispergebantur.
923 1337 1116 1409 Atque
1158 1336 1376 1393 utinam
1420 1336 1598 1394 ullum
1638 1352 1709 1394 ex
1748 1337 1875 1394 istis
1902 1337 2084 1409 libris,
2127 1337 2347 1396 utinam

233 1478 245 1488 .
334 1414 621 1472 duntaxat
646 1429 822 1471 unum
846 1412 1140 1486 Apollonii
1167 1412 1424 1471 Lexicon
1451 1413 1743 1484 integrum
1770 1413 2116 1472 haberemus
2144 1417 2156 1470 !
2197 1414 2347 1472 Nam

335 1492 437 1562 qui
460 1496 666 1563 postea
688 1489 762 1547 ad
784 1489 1206 1563 compilandam
1217 1495 1499 1548 venerunt
1520 1490 1724 1548 minuti
1748 1490 2141 1560 Grammatici,
2169 1506 2346 1564 saepe

338 1566 540 1625 dedita
588 1583 768 1640 opera
816 1568 1220 1639 neglexerunt,
1276 1564 1557 1638 quidquid
1596 1567 2000 1628 reconditioris
2044 1567 2346 1626 doctrinae

342 1650 526 1715 esset,
578 1644 698 1701 sive
754 1659 789 1701 a
837 1645 1074 1715 vulgato
1127 1648 1292 1701 textu
1341 1644 1433 1700 sui
1470 1644 1747 1716 temporis
1789 1645 2057 1702 alienum.
2139 1644 2344 1716 Itaque

340 1719 557 1779 accidit
595 1719 858 1791 tandem,
911 1726 976 1779 ut
1015 1737 1087 1778 ne
1129 1719 1202 1777 de
1242 1720 1534 1792 primariis
1576 1719 1809 1790 quidem
1851 1721 2081 1779 Criticis
2122 1721 2272 1788 illis,
2308 1736 2349 1779 a

283 1829 287 1833 -
342 1813 586 1869 quorum
625 1798 974 1856 auctoritate
1014 1797 1258 1869 primum
1299 1796 1394 1855 hic
1434 1801 1627 1854 textus
1667 1802 1867 1856 noster
1904 1798 2176 1869 manavit,
2218 1802 2345 1856 tan·

343 1880 466 1932 tum
504 1873 669 1933 nobis
712 1875 983 1946 supersit,
1027 1880 1302 1945 quantum
1345 1873 1420 1931 ad
1462 1873 1862 1945 cognoscenda
1889 1890 2087 1933 eorum
2113 1875 2348 1946 ingenia

344 1956 405 2010 et
448 1949 792 2010 emendandi
834 1956 1018 2010 artem
1059 1948 1324 2009 sufficiat.
1404 1950 1530 2010 Hoc
1571 1956 1763 2010 autem
1808 1956 1896 2009 est
1933 1950 2095 2022 illud,
2136 1951 2194 2010 in
2234 1968 2346 2024 quo

343 2044 493 2086 nunc
545 2028 790 2086 maxime
844 2029 1144 2088 elaborare
1197 2025 1426 2100 cupiam
1443 2073 1457 2099 ‚
1502 2029 1721 2086 ¹ceteris
1771 2029 2172 2102 opportuniori
2220 2029 2346 2087 loco

343 2105 674 2176 reservatiS,
717 2121 865 2175 quae
907 2105 981 2163 ad
1022 2110 1352 2164 accuratam
1391 2105 1656 2164 notitiam
1696 2105 2132 2165 Homericorum
2171 2105 2347 2163 inter-

343 2187 572 2255 pretum
612 2181 963 2254 pertineant.

342 2462 428 2515 ap.
463 2443 773 2514 Koppiersii
809 2445 962 2499 Obss
1000 2444 1183 2513 philol.
1224 2462 1277 2514 p.
1313 2449 1398 2500 36.
1471 2445 1716 2498 Fuerunt
1751 2443 1806 2497 in
1841 2445 1948 2498 illis
1985 2444 2200 2513 glossis,
2255 2445 2348 2507 με’-

335 2532 522 2578 ροπες,
563 2512 872 2585 οὐλοχύται,
910 2514 1055 2582 μῆλα
1093 2514 1324 2582 aliaque,
1362 2513 1525 2567 etiam
1564 2513 1852 2577 δαιτυμών,
1904 2514 1960 2566 in
1996 2529 2102 2580 quo
2140 2512 2347 2566 labora-

339 2582 529 2636 bamus
565 2581 700 2661 Cap.
734 2582 903 2635 XXX.
976 2581 1081 2648 Qui
1116 2582 1385 2636 Philetam
1422 2581 1593 2635 secuti
1629 2587 1753 2634 sunt
1788 2581 1842 2633 in
1878 2582 1981 2635 hoc
2056 2596 2234 2649 enere,
2271 2581 2348 2633 in-

341 2651 487 2706 docti
523 2650 766 2719 plerique
804 2656 858 2703 et
892 2649 1081 2717 inepti,
1118 2656 1376 2704 notantur
1410 2649 1625 2717 saepius
1660 2648 1716 2701 in
1737 2649 1976 2704 Scholiis.
2091 2665 2243 2703 erum
2278 2648 2349 2704 ad

341 2719 442 2773 hos
475 2718 736 2772 iedeundi
772 2717 914 2771 infra
950 2719 1054 2771 erit
1089 2718 1252 2773 locus,

479 2805 551 2870 68)
585 2802 853 2857 Videlicet
889 2803 942 2856 in
980 2803 1303 2872 antiquitate
1339 2803 1579 2858 versanti
1617 2802 1960 2872 cogitandum
1999 2818 2214 2882 semper
2250 2808 2347 2871 est,

342 2871 486 2926 illam
524 2872 757 2926 caruisse
794 2872 859 2925 iis
895 2870 1144 2926 subsidiis
1191 2872 1418 2926 notitiae
1455 2871 1777 2939 litterariae,
1833 2887 1970 2939 quae
2013 2872 2167 2926 nobis
2214 2871 2349 2925 haec

341 2937 603 2995 bonarum
667 2941 864 2993 artium
918 2940 1136 3008 publica
1193 2940 1287 2993 lux
1338 2946 1393 2993 et
1440 2946 1746 2994 mercatura
1789 2947 1962 3009 parat.
2044 2939 2349 3007 EustathiO,

347 3006 703 3079 Παρεκβολὰς
739 3024 863 3061 suas
900 3009 1183 3077 scripturo,
1237 3008 1408 3063 videri
1445 3014 1741 3077 potuerunt
1776 3009 1980 3075 optima
2016 3023 2260 3077 quaeque
2294 3013 2350 3061 et

342 3077 456 3130 anti
496 3076 714 3131 nissima
733 3076 945 3130 Scholia
980 3076 1036 3129 in
1072 3082 1327 3145 promptu
1363 3092 1498 3144 esse,
1535 3075 1660 3130 dum
1696 3076 2001 3143 antiquiora
2037 3082 2092 3129 et
2126 3075 2351 3130 meliora

344 3144 459 3200 cod.
536 3144 680 3198 eneti
716 3144 960 3198 latebant
995 3144 1176 3198 forsan
1213 3145 1269 3198 in
1302 3145 1498 3199 vicinia
1525 3146 1640 3199 eius
1716 3143 1980 3212 Indagare
2017 3145 2185 3213 igitur
2206 3144 2350 3212 licet,

344 3229 450 3281 quo
488 3213 702 3267 saeculo
740 3212 877 3266 liber
911 3212 1102 3292 aliquis
1138 3218 1383 3267 veterum
1421 3213 1642 3267 desierit
1676 3212 1730 3265 in
1766 3213 2010 3266 manibus
2044 3212 2192 3280 vulgi
2215 3227 2348 3278 esse,

343 3296 466 3347 non,
517 3298 624 3350 quo
662 3296 778 3334 esse
815 3280 1064 3347 desient3
1111 3285 1166 3333 et
1202 3285 1263 3334 ut
1301 3282 1421 3349 quis
1460 3298 1526 3335 ue
1561 3281 1791 3350 scriptor
1824 3281 2089 3336 vetustior
2123 3286 2228 3348 est,
2284 3295 2348 3334 eo

343 3349 555 3403 facilius
592 3349 643 3403 ei
678 3348 760 3417 id,
809 3347 953 3417 quod
989 3349 1055 3402 de
1093 3348 1383 3403 Eustathio
1421 3298 1690 3416 dicebam,
1741 3349 1997 3403 accidisse
2051 3346 2351 3416 putandum

343 3423 441 3471 est.
511 3417 674 3472 Levis
709 3422 766 3471 in
802 3417 1035 3486 speciem
1069 3432 1157 3470 res
1194 3423 1292 3486 est,
1329 3417 1425 3471 sed
1462 3418 1613 3472 cuius
1650 3418 1775 3472 olim
1809 3433 2005 3486 magna
2039 3415 2118 3469 vis
2153 3415 2257 3469 fuit
2280 3417 2350 3470 ad

339 3485 519 3555 ipsam
553 3486 820 3541 rationem
855 3485 1258 3540 tractandarum
1297 3486 1616 3540 litterarum.
