2734 4000
1144 156 1489 212 ...3.-

312 305 819 382 praestantiorem,
859 306 1157 377 multoque
1189 306 1397 364 melius
1425 313 1730 366 servatam.
1810 306 2004 379 Atque
2029 308 2140 367 hac
2165 314 2331 367 utra·

314 397 455 455 que,
513 386 574 441 et
613 381 839 442 Graeca
887 386 948 441 et
985 381 1304 452 Hebraica‚
1354 380 1650 456 farragine
1705 384 2119 458 comparanda,
2172 401 2330 444 nunc

315 458 542 518 demum
594 459 767 517 altius
817 459 1150 532 perspicere
1199 459 1428 532 licebit,
1490 475 1527 518 a
1579 460 1785 532 quibus
1833 462 2131 535 principiis
2186 463 2323 521 olim

313 535 495 596 omnis
537 534 864 596 emendatio
904 534 1181 595 librorum
1223 541 1283 595 et
1323 537 1527 596 critica
1568 553 1664 595 ars
1713 536 1977 610 profecta
2031 539 2138 611 sit,
2192 555 2319 597 cum

313 613 444 672 aliis
483 611 661 671 rebus
699 611 961 686 pluribus
975 657 990 685 ,
1043 612 1250 684 quibus
1302 613 1602 673 litteratae
1654 615 2019 686 antiquitatis
2067 616 2329 687 cognitio

312 690 672 749 continetur:
714 690 809 747 cui
846 689 1039 749 studio
1085 690 1262 748 etiam
1302 690 1380 748 ad
1420 691 1859 762 intelligendum
1888 697 2120 764 poetam
2146 707 2328 766 saepe

310 767 443 840 plus
485 764 794 839 debemus,
846 781 1017 838 quam
1054 766 1150 824 hic
1188 767 1347 826 locus
1390 768 1602 840 capiat.
1685 768 1852 840 Quod
1893 774 2087 826 autem
2126 770 2325 841 impri-

312 843 422 901 mis
464 842 719 902 notabile
748 847 856 915 est,
887 848 947 902 et
971 842 1210 902 Venetis
1239 844 1328 902 his
1358 843 1526 903 codd.
1556 845 1821 902 eximium
1849 846 2099 918 pretium
2126 845 2334 916 addit;

316 919 646 992 accepimus
686 920 747 976 in
786 920 899 978 illis
939 935 1196 980 normam
1238 926 1299 978 et
1338 921 1505 991 quasi
1535 910 1841 990 amussim,
1896 922 1972 980 ad
2012 938 2184 993 quam
2230 938 2327 981 co-

314 996 508 1055 dicum
545 1001 873 1056 nostrorum
887 1039 902 1066 ‚
947 1001 1008 1056 et
1047 1012 1243 1056 eorum
1285 998 1385 1068 qui
1423 998 1669 1071 posthac
1707 996 2100 1071 conferentur,
2141 999 2331 1071 quali-

313 1078 406 1132 tas
448 1078 510 1132 et
548 1072 800 1132 conditio
839 1071 1082 1131 firmiter
1121 1074 1275 1146 egigi
1313 1075 1518 1147 possit.
1577 1076 1872 1130 „Am-*oab

430 1149 582 1208 Illud
621 1150 926 1209 181111111110
950 1165 1056 1208 1108
1084 1149 1281 1210 docuit
1307 1168 1446 1209 usus
1488 1152 1850 1224 variantium,
1893 1167 2033 1222 quas
2063 1168 2135 1209 ex
2160 1153 2329 1224 quin-

241 1244 290 1286 15
320 1241 432 1299 que
460 1225 625 1286 codd.
653 1226 724 1285 V·
1064 1226 1194 1285 ibus
1236 1227 1424 1285 edidit
1446 1227 1702 1301 Alterus,
1743 1229 1831 1286 vir
1870 1228 2235 1287 doctissimus
2265 1236 2327 1288 et

320 1301 620 1362 indefessa
656 1304 961 1362 industria.
1042 1304 1159 1363 Sed
1197 1304 1310 1363 hae
1358 1306 1665 1379 lectiones,
1715 1321 1845 1363 cum
1882 1304 2121 1364 Venetis
2172 1312 2333 1364 cete-

311 1381 510 1452 risque
550 1381 732 1453 copiis
771 1387 1143 1454 comparatae
1162 1423 1176 1450 ,
1215 1382 1355 1439 mihi
1396 1398 1600 1454 parum
1643 1382 1768 1455 spei
1807 1381 2158 1454 relinquunt,
2198 1380 2329 1441 fore

312 1462 380 1516 ut
419 1457 496 1515 ad
534 1457 723 1516 Iliada
762 1456 993 1530 quidem
1035 1474 1117 1517 ex,
1146 1457 1440 1516 codicibus
1481 1459 1663 1517 multa
1700 1474 1850 1517 nova
1891 1464 1951 1516 et
2005 1459 2329 1532 praecipua

316 1549 560 1609 usquam
616 1534 920 1608 prodeant.
998 1535 1149 1594 Nam
1200 1534 1314 1608 ipsi
1361 1535 1629 1593 meliores
1679 1534 1812 1593 libri
1852 1533 2326 1597 Vindobon'enses

313 1611 458 1670 nihil
521 1611 680 1670 aliud
744 1608 869 1671 fere
930 1611 1043 1669 nisi
1093 1612 1326 1684 cognita
1378 1617 1438 1669 et
1488 1610 1628 1670 alibi
1674 1616 1914 1685 reperta
1971 1610 2324 1685 confirmant,

315 1702 492 1760 quum
554 1703 626 1746 ex
677 1687 750 1746 iis
800 1693 1111 1762 appareat,
1163 1704 1312 1759 quae
1365 1687 1644 1747 lectiones
1704 1688 1879 1746 alicui
1935 1689 2323 1761 posteriorum

295 1769 634 1838 -temporum
662 1763 1052 1824 Grammatico
1088 1765 1181 1823 vel
1220 1763 1459 1824 librario
1487 1764 1964 1837 praestabiliores
1992 1767 2156 1825 visae
2185 1766 2315 1824 81111.

310 1840 647 1901 Cuiusmodi
684 1842 1065 1901 auctoritates
1107 1842 1378 1913 quoniam
1419 1857 1527 1900 nec
1566 1842 1732 1915 ipsae
1772 1857 1880 1915 per
1919 1857 2012 1915 se,
2064 1858 2172 1901 nec
2217 1859 2325 1900 nu-

309 1932 505 1977 merus
544 1924 605 1977 et
639 1918 949 1978 multitudo
991 1933 1190 1977 earum
1230 1917 1543 1990 quidquam
1587 1919 1862 1977 momenti
1902 1916 2108 1991 faciat,
2149 1935 2324 1992 prae-

312 1996 513 2055 sertim
553 1994 603 2054 si
640 2012 756 2056 11011
794 1995 1142 2069 nominatae,
1184 2001 1486 2055 auctorum
1526 1995 1813 2069 gravitate
1853 2003 2122 2069 careant3
2162 1996 2321 2055 1181111

311 2072 506 2145 paullo
545 2073 677 2146 plus
716 2088 1085 2132 accessurum
1123 2077 1322 2146 putem
1360 2072 1496 2131 111110
1535 2072 1846 2146 apparatui
1884 2073 2194 2132 lectionum
2210 2118 2226 2146 ,
2267 2075 2323 2131 si

308 2149 419 2209 viri
469 2148 624 2209 docti
674 2150 846 2223 plura
897 2148 1196 2209 Glossaria
1250 2155 1311 2208 et
1361 2149 1593 2208 Scholia
1655 2149 1877 2208 inedita
1939 2151 2321 2222 excusserint,

309 2241 482 2300 quam
520 2226 572 2285 si
610 2242 715 2285 nos
756 2226 1073 2285 ditaverint
1110 2226 1311 2284 decem
1350 2227 1443 2285 vel
1482 2226 1685 2298 viginti
1743 2242 2020 2285 novorum
2058 2226 2320 2286 codicum

309 2303 629 2376 scripturis.
710 2303 925 2376 Quidni
964 2308 1158 2362 autem
1197 2301 1343 2360 illud
1381 2302 1551 2361 unius
1592 2302 1832 2362 Homeri
1872 2303 2064 2375 gratia
2103 2319 2321 2377 operae

311 2381 563 2454 pretium
610 2380 728 2439 sit?
779 2379 1009 2453 quando
1058 2380 1302 2439 aliorum
1348 2378 1628 2438 librorum
1678 2384 1936 2438 veterum
1952 2424 1967 2452 ,
2020 2395 2320 2439 sacrorum

311 2456 573 2530 quidem,
624 2458 828 2517 critica
875 2456 1189 2515 illustratio
1240 2455 1551 2515 admodum
1590 2472 1777 2533 nuper
1815 2461 1904 2515 tot
1944 2472 2123 2528 equos
2163 2457 2320 2517 viros
2376 2512 2382 2518 .

288 2534 590 2606 exercuit,
629 2534 789 2607 ipsos
818 2533 966 2593 adeo
991 2532 1266 2607 Europae
1291 2531 1436 2592 fines
1466 2547 1720 2605 egressa,
1761 2532 2108 2604 tantumque*
2123 2530 2324 2592 hausit

309 2623 686 2683 nummorum,
726 2626 971 2683 quorum
1009 2610 1187 2668 tertia
1223 2614 1395 2683 parte
1435 2624 1663 2682 pauper
1686 2609 1973 2668 Homerus
2013 2616 2318 2669 contentus

312 2692 487 2746 08801.
584 2686 754 2746 Nunc
805 2687 905 2745 ille
957 2685 1147 2744 adhuc
1196 2686 1606 2745 Kennicottum
1658 2702 1823 2743 suum
1876 2692 2201 2759 exspectat,
2252 2692 2323 2744 ut

312 2763 563 2836 denique
614 2768 868 2837 constet,
919 2762 1058 2835 quid
1111 2763 1339 2822 omnino
1392 2763 1451 2819 in
1502 2760 1823 2835 deperditis
1882 2763 2319 2835 numerandum,

312 2842 475 2901 ouius
515 2839 707 2900 adhuc
744 2841 911 2914 quasi
953 2854 1024 2898 ex
1063 2839 1388 2912 quisquiliis
1428 2838 1774 2898 corradendi
1801 2854 1935 2912 spes
1963 2840 2187 2912 reliqua
2214 2840 2321 2898 sit.

1264 3019 1354 3093 V.

430 3147 710 3208 Gaudebo
726 3192 742 3221 ,
782 3148 831 3207 si
869 3146 1052 3208 falsus
1091 3147 1281 3209 fuero:
1331 3149 1473 3209 mihi
1511 3167 1648 3213 vero
1687 3155 1910 3226 paratis
1966 3147 2173 3228 opibus
2224 3163 2322 3206 ac·

234 3248 284 3289 111
313 3225 724 3299 quiescendum
760 3226 1009 3300 putanti,
1051 3242 1226 3298 quum
1266 3224 1564 3299 Odysseae
1603 3236 1829 3289 tantum
1869 3247 2047 3292 novos
2087 3224 2316 3284 codices

311 3317 671 3375 quaererem,
712 3302 908 3361 statim
948 3302 1022 3362 ab
1065 3318 1134 3362 eo
1173 3307 1454 3378 tempore,
1494 3320 1607 3378 qno
1634 3312 1812 3380 poeta
1835 3309 2081 3382 primum
2121 3303 2182 3360 in
2205 3300 2319 3359 hac

310 3378 458 3437 urbe
497 3379 627 3438 usui
666 3379 990 3441 scholarum
1031 3385 1350 3453 aptaretur,
1393 3380 1522 3454 ipsa
1559 3389 1698 3443 tunc
1738 3400 1912 3444 curae
1949 3401 2117 3445 meae
2155 3375 2323 3437 festi·
