2734 4000
1199 256 1557 310 ..39-

529 404 696 464 Adeo
736 421 866 465 sero
891 405 1223 465 litteratura
1250 404 1609 465 Graecorum
1636 405 1903 465 absoluta
1932 412 2022 465 est
2052 414 2112 466 et
2135 407 2378 467 redacta
2404 419 2456 459 64

376 482 438 539 in
478 481 756 554 ordinem,
794 483 1059 555 primum,
1100 489 1166 541 ut
1202 482 1401 540 multis
1430 482 1504 540 de
1532 483 1727 541 causis
1759 483 2018 557 conjicio,
2057 485 2118 542 in
2144 484 2215 542 iis
2244 485 2378 543 civi-

375 557 617 628 tatibus,
657 575 806 631 quae
845 559 1099 618 Siciliam
1139 566 1201 619 et
1236 559 1512 631 Magnam
1555 559 1860 619 Graeciam
1897 562 2177 619 tenebant
2190 605 2206 634 ,
2256 567 2379 620 tum

376 636 437 693 in
463 635 568 694 illa
591 636 834 709 posthac
857 637 1184 696 litterarum
1211 634 1716 695 conficientissima
1743 638 1905 709 urbe,
1931 637 2194 697 Athenis.
2264 637 2381 697 Sed

379 712 697 771 cavendum
739 720 830 772 est
866 730 1086 786 rursus,
1135 730 1209 772 ne
1249 719 1367 771 tam
1408 729 1599 771 serum
1638 720 1805 773 usum
1848 715 2141 773 scribendi
2180 715 2381 774 creda-

377 805 521 860 muS,
562 796 665 849 aut
700 791 761 847 in
799 792 954 850 omni
981 790 1232 850 Graecia
1258 790 1462 849 eodem
1499 796 1762 863 tompore
1800 791 2143 851 institutum.
2208 793 2378 851 Iones

380 866 611 938 quidem
650 883 824 939 quum
882 874 973 927 tot
1028 868 1158 927 aliis
1198 867 1375 925 rebus
1413 866 1689 940 Europae
1730 874 2015 941 cognatae
2056 870 2381 941 exemplum

378 943 666 1003 nitidioris
693 944 880 1002 cultus
921 944 1131 1003 darent
1170 950 1232 1003 et
1254 944 1490 1003 humani
1518 950 1578 1004 et
1601 945 1805 1017 civilis,
1834 951 2178 1017 matureque
2203 946 2379 1004 variis

380 1019 600 1079 artibus
627 1026 688 1080 et
713 1023 1067 1081 commerciis
1096 1019 1387 1094 florerent,
1428 1022 1520 1079 vel
1541 1027 1771 1081 tacente
1797 1022 2045 1081 historia
2071 1023 2380 1082 verisimile

381 1103 563 1169 esset,
625 1113 724 1157 eos
773 1099 944 1157 huius
998 1115 1232 1171 quoque
1282 1099 1623 1172 praeclarae
1682 1100 1771 1157 rei
1809 1099 2121 1158 utilitatem
2161 1101 2378 1172 primos
2405 1111 2454 1151 6⁵

379 1174 855 1234 animadvertisse
906 1182 966 1235 et
1015 1176 1092 1234 ad
1152 1192 1281 1235 eam
1334 1175 1587 1234 studium
1630 1181 1692 1234 et
1728 1177 2025 1248 ingenium
2066 1177 2379 1235 contulisse

313 1314 320 1320 ,
380 1268 562 1309 suum.
609 1252 833 1325 Quippe
861 1253 974 1311 illis
1005 1252 1428 1326 exspectandus
1456 1269 1570 1312 non
1596 1251 1710 1311 fuit
1737 1252 2105 1311 Callistratus
2135 1253 2379 1326 SamiuS,

378 1334 445 1386 ut
472 1328 690 1401 aliquid
717 1330 934 1402 scripto
961 1331 1304 1403 consignare
1330 1335 1654 1388 tentarent:
1682 1330 1797 1388 iam
1821 1335 1956 1388 ante
1982 1331 2133 1389 hunc
2156 1347 2381 1404 papyro

379 1406 470 1463 usi
496 1412 656 1477 sunt3
683 1406 855 1465 immo
882 1413 1017 1466 ante
1048 1406 1402 1466 Simonidem
1433 1412 1493 1465 et
1518 1406 1929 1479 Epicharmum
1955 1405 2190 1465 fuerunt
2215 1408 2381 1480 lyrici

379 1487 607 1554 poetae,
649 1489 710 1541 et
733 1483 912 1543 Ionici
953 1489 1011 1542 et
1036 1484 1281 1556 Aeolici,
1323 1485 1424 1555 qui
1462 1484 1561 1543 illo
1602 1484 1959 1543 adminiculo
1986 1483 2382 1544 faciendorum

382 1559 711 1619 Carminum
750 1576 950 1620 carere
990 1562 1085 1619 vix
1123 1567 1381 1634 possent.
1445 1560 1711 1632 Denique
1748 1561 1809 1619 in
1851 1577 1923 1619 ea
1948 1562 2200 1630 civitate,
2231 1578 2380 1633 quae

380 1636 676 1708 antiquum
728 1638 1101 1710 alphabetum
1153 1638 1477 1697 diutissime
1516 1638 1784 1710 retinuit,
1844 1638 2068 1711 Olymp.
2108 1638 2379 1696 XXXIX.

378 1714 565 1773 minor
601 1730 871 1773 numerus
909 1715 1235 1774 litterarum
1261 1714 1489 1773 suffecit
1514 1715 1798 1775 Draconis
1825 1715 2051 1786 legibus
2082 1715 2380 1788 ponendis.

382 1790 596 1862 Quidni
654 1791 808 1849 idem
856 1808 1128 1851 numerus
1181 1791 1475 1850 suffecerit
1524 1793 1784 1851 maximis
1845 1792 2261 1864 voluminibuS,
2332 1792 2384 1850 si

377 1867 549 1927 modo
578 1883 650 1926 ea
673 1874 794 1926 tum
821 1870 1042 1928 usitata
1068 1868 1318 1941 fuerunt,
1361 1869 1483 1927 sive
1512 1884 1583 1927 ex
1609 1868 1879 1942 pellibus,
1907 1870 2029 1927 sive
2059 1885 2130 1926 ex
2160 1885 2383 1941 papyro

377 1945 713 2018 Aegyptia?
752 1945 835 2005 Et
871 1947 986 2005 iam
1026 1947 1247 2019 aliquot
1287 1947 1452 2006 annis
1494 1952 1630 2006 ante
1656 1945 1941 2006 Draconis
1982 1947 2385 2019 magistratum

379 2020 658 2082 beneficio
697 2022 1106 2083 Psammetichi
1143 2023 1450 2096 Aegyptus
1509 2021 1805 2096 patefacta
1856 2030 1985 2083 erat
2024 2023 2383 2082 commerciis

378 2098 599 2171 Ionum,
639 2105 706 2157 ut
743 2097 1079 2159 facultatem
1118 2102 1327 2173 papyri
1366 2100 1582 2159 habere
1622 2101 1932 2173 potuerint.
2017 2099 2124 2159 Cui
2163 2101 2385 2159 coniec-

258 2182 288 2233 ἶ
330 2228 339 2235 .
381 2181 551 2234 turae
589 2192 663 2234 ne
702 2178 979 2237 historica
1015 2176 1158 2237 fides
1200 2178 1459 2246 deesset,
1520 2193 1691 2249 quam
1749 2178 1951 2250 paucis
1981 2177 2197 2235 ·verbis
2238 2193 2384 2250 opus

379 2250 592 2311 fuisset
616 2253 935 2327 Herodoto,
977 2255 1090 2314 nisi
1121 2254 1360 2314 Graecis
1402 2255 1731 2327 scripsisset
1767 2254 1935 2313 solis!
1977 2254 2145 2313 Nunc
2182 2254 2243 2311 in
2269 2254 2386 2327 pri-

380 2330 490 2387 mis
538 2330 782 2390 molesta
831 2339 922 2391 est
970 2332 1296 2392 obscuritas
1350 2332 1592 2390 duorum
1644 2332 2033 2403 saeculorum,
2096 2332 2286 2390 octavi
2327 2335 2386 2388 et

382 2407 614 2479 septimi
653 2413 790 2467 ante
819 2408 970 2478 Chr.',
1010 2410 1071 2467 in
1111 2409 1317 2480 quibus
1356 2409 1461 2467 illa
1500 2425 1641 2481 gens
1681 2408 1963 2480 igniculos
2004 2408 2385 2479 politissimae

379 2483 754 2543 humanitatis
795 2485 1010 2544 dudum
1049 2492 1349 2559 susceptos
1392 2487 1628 2558 egregie
1668 2485 1930 2557 protulit,
1974 2491 2034 2543 et
2060 2484 2134 2544 ad
2162 2499 2387 2544 omnem
2489 2514 2497 2529 ·

384 2561 782 2620 excellentiam
823 2564 1033 2621 artium
1072 2562 1447 2621 admirabiles
1486 2579 1829 2635 progressus
1868 2559 2024 2619 fecit.
2103 2562 2271 2632 Nam,
2312 2576 2386 2618 ne

381 2636 458 2695 de
508 2638 634 2696 aliis
683 2639 942 2711 plurimis
999 2640 1280 2698 institutis
1337 2639 1558 2708 dicam,
1612 2656 1854 2711 quorum
1896 2639 2117 2696 semina
2158 2638 2218 2695 in
2256 2637 2386 2695 istis

379 2715 638 2773 tenebris
677 2716 833 2774 iacta
872 2723 1022 2790 sunt,
1062 2718 1123 2774 in
1161 2717 1263 2774 illa
1288 2718 1534 2775 maxime
1562 2716 1812 2788 saecula,
1854 2731 1891 2773 a
1916 2715 2377 2773 Lacedaemonio

380 2788 650 2864 Lycurgo
688 2794 966 2866 proxima,
1007 2794 1149 2853 artis
1191 2794 1532 2866 scriptoriae
1571 2794 1817 2865 primum
1842 2792 2248 2850 notabiliorem
2276 2808 2381 2863 pu-

379 2866 592 2926 blicum
630 2885 797 2927 usum
836 2875 898 2929 et
933 2871 1091 2929 ultra
1107 2871 1510 2943 inscriptiones
1536 2885 1906 2943 progressum
1932 2869 2223 2934 incidisse,
2262 2872 2384 2925 tum

382 2946 698 3004 coniectari
735 2962 849 3005 non
886 2953 1135 3019 temere,
1196 2952 1318 3005 tum
1361 2963 1432 3004 ex
1471 2946 1755 3017 nonnullis
1797 2945 2060 3016 vestigiis
2101 2944 2382 3003 historiae

381 3022 468 3079 ita
505 3023 752 3095 intelligi
791 3024 949 3095 licet,
987 3031 1053 3083 ut
1092 3024 1413 3098 perspicuis
1454 3024 1797 3083 testimoniis
1838 3024 2025 3080 minus
2069 3037 2245 3094 aegre
2285 3036 2377 3079 ca·
2413 3043 2463 3082 ee

381 3114 630 3158 reamus.

382 3279 416 3347 ἡ
449 3279 799 3347 γραμματικὴ
835 3277 1043 3348 ἀρχαία
1077 3292 1174 3332 Seu
1208 3277 1407 3332 Ἀττικὰ
1441 3278 1758 3346 γράμματα.
1828 3273 1950 3329 Etsi
1986 3276 2052 3329 de
2086 3274 2172 3327 his
2208 3272 2380 3328 diver-

379 3346 976 3484 azlsffigtsgngentiae
1013 3345 1323 3401 doctorum:
1358 3363 1408 3400 v.
1432 3347 1575 3414 lntp.
1613 3344 1682 3399 ad
1707 3345 2033 3413 Harpocrat.
2069 3359 2117 3396 v.
2141 3341 2388 3400 Ἀττικοῖς
