2734 4000
1275 239 1629 291 -16-

455 385 644 446 Schol.
685 401 793 443 nec
830 384 1171 442 Eustathius
1212 400 1454 455 usquam
1494 387 1774 458 agnoscit,
1816 392 1882 445 ut
1923 403 2054 447 sero
2095 386 2451 459 adscriptum

453 467 623 537 putes
666 478 736 520 ex
777 461 953 520 Scuto
993 461 1171 526 Herc.
1215 469 1341 520 182.
1394 461 1653 520 Alterius
1693 463 1872 522 nihilo
1912 465 2095 522 maior
2135 463 2451 522 auctoritas

455 545 545 598 est
596 539 669 597 ab
719 538 950 610 optimis
1003 537 1244 596 Scholiis
1302 544 1362 596 et
1417 539 1729 598 codicibus.
1809 541 1919 598 Illa
1958 541 2108 599 enim
2146 541 2455 598 maximam

453 615 973 688 interpunctionem
1012 616 1315 686 requirunt
1353 616 1506 673 inter
1546 634 1596 673 v.
1644 619 1769 674 167.
1809 623 1869 675 et
1911 624 2057 690 169.,
2098 618 2260 674 cuius
2289 611 2453 672 ἀσύν-

454 691 620 749 δετον
660 687 954 761 σύνταξιν,
1006 707 1154 762 quae
1190 709 1341 750 nunc
1382 699 1648 765 exempto
1687 693 1877 752 medio
1918 711 2088 751 versu
2127 694 2331 751 rudem
2371 690 2456 751 of-

453 769 671 841 fendat,
724 771 773 826 si
813 775 1040 826 veteres
1085 767 1284 826 Critici
1325 769 1528 827 duram
1571 775 1889 842 putassent,
1938 769 2108 828 facile
2149 771 2233 828 ita
2271 771 2454 827 lenire

453 846 795 920 potuissent,
848 841 986 921 εὗρε
1029 843 1076 901 δ’
1121 838 1332 901 ἔπειτα.
1416 846 1675 904 Tertium
1714 847 1827 904 iam
1870 848 1969 905 alii
2008 852 2453 918 summoverunt,

455 939 623 995 quem
675 929 735 980 et
771 921 1043 980 Eustath.
1096 928 1156 978 et
1202 923 1400 994 plures
1443 923 1578 980 boni
1618 923 1783 981 codd.
1824 924 2096 982 reiiciunt
2138 941 2265 981 cum
2308 922 2449 980 edit.

453 1000 714 1073 principe
766 1005 826 1057 et
876 999 1154 1056 Romana.
1235 999 1440 1070 Neque
1493 1005 1697 1071 quarto
1753 1001 1945 1058 versui
1983 1000 2125 1058 fides
2166 1006 2257 1058 est
2296 999 2453 1071 apud

453 1076 823 1135 Eustathium
863 1080 924 1133 et
964 1075 1108 1133 alios
1149 1075 1344 1147 libroS,
1389 1077 1487 1147 qui
1528 1093 1658 1133 eum
1684 1079 1896 1149 partim
1916 1077 2132 1135 habent
2160 1077 2444 1134 variatum

453 1156 511 1211 in
540 1154 816 1225 clausula,
844 1168 993 1223 quae
1021 1153 1243 1209 scilicet
1267 1169 1382 1211 non
1413 1153 1579 1210 simul
1607 1153 1760 1211 trahi
1786 1160 2020 1225 poterat
2049 1170 2119 1211 ex
2145 1155 2211 1211 Il.
2234 1173 2291 1209 α.
2316 1159 2445 1211 562.

452 1231 574 1289 Hos
602 1231 781 1301 igitur
809 1236 868 1287 et
897 1230 1119 1300 aliquot
1155 1229 1301 1287 alios
1330 1234 1546 1300 versus,
1587 1231 1698 1287 etsi
1723 1232 2229 1311 minime-inepto&
2280 1246 2449 1289 nemo

452 1305 712 1380 profecto
740 1324 853 1365 non
880 1306 1146 1369 reiiculos
1167 1312 1350 1378 putet,
1381 1306 1430 1363 si
1453 1323 1549 1364 eos
1572 1322 1757 1378 nuper
1776 1307 2224 1366 Rhodomannus
2244 1304 2454 1364 fecerit

454 1389 556 1441 ant
592 1383 928 1454 BarnesiuS,
970 1392 1126 1450 (nam
1166 1382 1258 1439 hic
1297 1382 1586 1440 interdum
1628 1384 1844 1454 aliquid
1886 1384 2053 1442 offert
2092 1379 2344 1455 οἴκοθεν,
2388 1388 2454 1440 ut

455 1461 591 1530 ait:)
615 1501 623 1509 .
645 1466 706 1517 at
756 1477 792 1518 a
842 1459 1084 1531 sepultis
1135 1459 1383 1530 ingeniis
1434 1459 1668 1518 abhinc·
1679 1460 1848 1533 plura
1887 1461 2119 1519 saecula
2159 1458 2451 1533 profectos

452 1536 583 1596 non*
605 1537 805 1595 licebit
842 1536 1128 1592 reiicere‘?
1208 1536 1451 1593 Discere
1486 1537 1692 1606 velim,
1744 1554 1855 1608 quo
1895 1538 2023 1596 iure
2063 1537 2228 1595 nobis
2270 1536 2451 1594 ceteri

453 1614 742 1672 retinendi
782 1614 912 1672 sint.

1394 1774 1528 1847 IX.

377 1954 428 1994 23
606 1928 783 1986 Aliud
812 1946 991 2002 genus
1022 1937 1112 1989 est
1136 1932 1501 2004 vulgatarum
1526 1931 1836 1989 lectionum
1863 1931 2042 1989 multo
2070 1928 2451 2002 frequentiuS,

453 2007 606 2079 quod
630 2006 907 2065 librorum
936 2009 1165 2079 quidem
1188 2015 1248 2068 et
1266 2009 1666 2067 recensionum
1686 2015 1945 2067 veterum
1965 2024 2203 2067 assensu
2222 2007 2456 2066 minime

454 2089 671 2156 careat,
708 2100 815 2141 nec
843 2090 1035 2143 tamen
1064 2086 1153 2144 v'el
1181 2091 1424 2158 propter
1452 2102 1617 2143 usum
1642 2085 1811 2143 huius
1839 2090 2066 2159 poetae,
2093 2086 2184 2142 vel
2212 2089 2455 2157 propter

452 2159 959 2220 conformationem
989 2167 1049 2219 et
1068 2167 1325 2221 tenorem
1348 2163 1690 2236 sententiae,
1718 2164 1808 2221 vel
1830 2163 2002 2221 aliam
2022 2162 2199 2220 talem
2220 2176 2454 2219 causam

451 2254 567 2297 non
598 2237 1005 2310 expellendum
1039 2244 1098 2296 et
1134 2239 1209 2296 ad
1251 2240 1519 2298 meliores
1547 2239 1726 2299 libros
1753 2238 2139 2298 revocandum
2167 2238 2451 2296 videatur.

362 2363 367 2368 ,
451 2315 666 2373 Verum
703 2315 763 2372 in
789 2314 899 2373 hoc
928 2331 1159 2388 genere,
1200 2317 1350 2374 sicut
1378 2317 1553 2374 etiam
1579 2317 1639 2373 in
1666 2317 1859 2389 priore
1886 2317 2006 2388 illo,
2049 2315 2287 2373 dubium
2314 2312 2455 2372 facit

451 2391 743 2449 interdum
780 2392 1026 2464 penuria
1062 2392 1340 2451 bonorum
1379 2391 1639 2465 fontium,
1680 2410 1792 2464 quo
1811 2394 1985 2451 lectio
2014 2407 2277 2464 quaeque
2302 2387 2455 2448 refe-

456 2467 640 2526 renda
686 2468 780 2540 sit,
818 2475 1013 2527 utrum
1051 2469 1127 2528 ad
1152 2470 1433 2528 incuriam
1461 2469 1765 2543 editorum,
1806 2486 1881 2528 an
1909 2469 1984 2527 ad
2011 2469 2291 2540 codicum,
2332 2469 2457 2538 qui—

450 2545 560 2604 bus
600 2544 688 2601 illi
725 2545 820 2603 usi
859 2552 1010 2614 sunt,
1053 2547 1314 2619 adeoque
1340 2548 1597 2619 ipsorum
1626 2553 1884 2605 veterum
1910 2547 2334 2605 auctoritatem.
2374 2542 2459 2603 Ut

453 2621 691 2693 vulgata
732 2618 928 2701 Πιερίῃ
965 2620 1025 2697 β.
1070 2624 1198 2683 766.
1239 2623 1396 2681 unde
1436 2623 1615 2682 nobis⁴
1641 2624 1701 2681 in
1757 2640 1951 2683 omnes
1994 2622 2159 2681 editt.
2213 2620 2456 2691 venerit,

454 2699 687 2770 ignoro;
727 2714 916 2770 neque
955 2716 1093 2760 vero
1135 2717 1207 2759 ex
1243 2700 1470 2773 Hymno
1512 2701 1573 2757 in
1610 2700 1794 2759 Merc.
1827 2703 1915 2759 70.
1940 2716 2061 2772 sqq.
2092 2705 2195 2758 aut
2220 2696 2456 2757 aliunde

456 2773 769 2834 defendere
809 2793 1060 2847 possum.
1127 2777 1218 2836 Ibi
1259 2778 1410 2834 enim
1448 2793 1563 2837 non
1596 2779 1839 2848 pastoria
1879 2780 1948 2833 ab
1987 2780 2310 2848 Amphryso,
2351 2773 2457 2832 sed

457 2859 846 2913 armentorum
887 2852 1000 2912 diis
1041 2870 1334 2913 sacrorum
1373 2855 1589 2913 mentio
1628 2852 1709 2912 fit.
1770 2854 2042 2925 Plerique
2082 2858 2277 2912 autem
2316 2850 2452 2910 boni

458 2928 678 3001 codd-⁹»)
732 2946 860 2988 cum
912 2931 1181 2990 Eustath.
1232 2936 1468 2989 servant
1515 2947 1727 2989 nomen
1784 2946 1972 3004 paene
2025 2929 2348 3000 inauditum
2392 2928 2454 2985 in

458 3006 839 3080 geographia,
878 3008 984 3066 sed
1007 3009 1117 3067 hoc
1142 3008 1270 3081 ipso
1299 3008 1377 3066 ad
1403 3008 1830 3082 corruptionem
1857 3024 2117 3081 pronum,
2164 3003 2375 3083 Φηρειζη
2404 3021 2451 3062 s.
2477 3013 2482 3020 ·

593 3203 639 3265 3)
673 3200 932 3255 Nonnulli
968 3216 1167 3269 eorum,
1204 3206 1266 3255 ut
1299 3199 1557 3268 VenetuS‚
1592 3200 1802 3254 initium
1839 3204 1895 3253 et
1931 3198 2085 3268 quasi
2108 3214 2267 3252 omen
2291 3194 2457 3266 quod-

458 3270 581 3325 dam
617 3269 1012 3337 depravationis
1047 3268 1265 3335 habent,
1303 3267 1531 3341 Πηερίῃ.
1568 3270 1631 3323 In
1668 3268 1895 3323 Scholiis
1925 3267 2065 3321 nihil
2100 3272 2181 3320 est
2216 3266 2286 3319 ad
2309 3266 2362 3319 h.
2388 3280 2457 3332 v.‚

458 3353 633 3405 neque
668 3338 724 3391 in
758 3338 864 3391 illis
897 3338 1175 3405 vulgatum
1213 3336 1439 3391 affertur
1473 3336 1577 3391 nisi
1613 3353 1718 3391 uno
1755 3337 1874 3391 loco
1911 3339 1968 3403 ψ.
2005 3340 2124 3390 383.
2172 3334 2278 3389 Sed
2314 3333 2455 3387 hanc

460 3405 835 3460 auctoritatem
870 3422 978 3460 non
999 3405 1315 3474 graviorem,
1350 3411 1500 3473 puto,
1538 3422 1697 3473 quam
1716 3404 1997 3474 Macrobii,
2032 3404 2311 3459 habuisset
2329 3400 2452 3454 Val-

457 3474 673 3527 ckenar.
711 3490 870 3542 quem
904 3473 1028 3527 vide
1063 3472 1133 3528 ad
1167 3474 1415 3529 Ammon.
1451 3474 1552 3542 111,
1591 3479 1670 3529 12.
