2734 4000
698 209 745 233 s

1184 275 1529 327 ...3-

354 439 423 482 se
484 439 758 496 operosa,
819 421 1210 495 impediantur
1259 422 1454 494 potius
1504 437 1676 494 quam
1714 426 2006 480 ornentur.
2085 420 2154 479 In
2211 420 2361 483 tales

353 516 566 636 effigie
606 519 794 636 ressgsfflt
793 503 892 556 itio
933 499 1236 573 quaedam,
1275 514 1393 558 non
1432 499 1555 557 veri
1593 498 1835 558 nominis
1876 501 2108 556 recensio
2151 498 2361 560 cadere

584 594 660 650 po
782 619 795 632 .
1901 595 1912 603 „

1302 702 1401 778 Π.

482 806 597 866 Sed
655 805 745 869 de¹
786 806 878 864 his
936 807 997 863 in
1049 806 1378 865 universum
1435 819 1603 863 nemo
1654 803 1939 877 ambigat:
2000 805 2060 863 in
2110 805 2363 865 Homero

361 889 577 957 autem,
619 884 1016 954 antiquissimo
1055 889 1188 942 vate
1204 928 1218 955 ,
1260 882 1321 940 id
1359 883 1548 954 ipsum
1589 880 1845 939 dubitari
1884 882 2082 954 video,
2141 883 2364 942 tantine

362 967 484 1018 tam
524 975 797 1019 novorum
840 960 1100 1018 codicum
1139 960 1455 1019 auctoritas
1493 955 1763 1016 facienda
1813 959 1908 1017 sit.
1986 960 2137 1018 Nam
2175 960 2364 1017 nullus

361 1053 559 1096 eorum
598 1053 672 1094 ne
711 1041 1134 1110 postremorum
1175 1036 1407 1108 quidem
1443 1035 1784 1094 Latinorum
1837 1036 2183 1108 scriptorum
2222 1042 2366 1095 tem-

361 1130 509 1187 pora
548 1115 813 1186 attingit3
854 1114 1028 1187 pauci
1068 1118 1201 1172 sunt
1241 1118 1300 1172 et
1338 1113 1477 1185 rari,
1519 1112 1616 1183 qui
1654 1111 1783 1169 XII.
1825 1113 1917 1169 vel
1941 1112 2045 1170 XI.
2074 1113 2364 1171 saeculum

363 1189 662 1248 excedant.
718 1191 880 1262 Quae
920 1189 1206 1249 dubitatio
1248 1191 1299 1248 si
1340 1206 1468 1248 eam
1507 1190 1620 1246 vim
1646 1187 1880 1261 habeat,
1907 1195 1974 1248 ut
1999 1194 2175 1262 poeta
2200 1189 2366 1248 nobis

369 1283 439 1324 ex
478 1266 570 1324 his
608 1264 864 1325 fontibus
907 1266 984 1325 ad
1023 1267 1331 1325 veritatem
1360 1272 1421 1324 et
1446 1265 1840 1337 integritatem
1869 1270 2078 1338 textuS,
2118 1267 2365 1339 primum

368 1342 561 1401 divino
605 1344 728 1400 eius
769 1359 871 1402 ore
909 1341 1050 1415 fusi,
1099 1342 1290 1415 redigi
1329 1348 1607 1414 nequeat,
1649 1341 1836 1400 dicam
1873 1342 2143 1415 posthac,
2194 1359 2366 1415 quam

362 1418 617 1477 libenter
654 1420 804 1478 hanc
845 1425 1064 1478 sectam
1101 1421 1499 1491 rationemque
1540 1434 1768 1490 sequar.
1847 1419 1929 1477 At
1977 1435 2151 1491 quum
2210 1425 2366 1478 vete·-

362 1513 492 1553 rum
529 1495 808 1554 librorum
845 1493 969 1555 fata
1008 1496 1230 1568 cogito,
1282 1512 1686 1567 nonnunquam
1736 1501 1974 1568 praeter
2021 1512 2183 1570 spem
2234 1512 2365 1568 pro-

364 1588 556 1646 spera,
598 1578 772 1644 atque
814 1572 1227 1645 animadverto,
1270 1588 1442 1645 quam
1479 1588 1663 1649 prope
1706 1587 1979 1644 germano
2019 1573 2194 1632 nitori
2235 1573 2365 1631 red·
2393 1581 2415 1620 ⁷

363 1649 514 1707 ditos
553 1648 868 1708 habeamus
906 1649 1298 1721 Herodotum,
1338 1650 1637 1708 Platonem
1654 1694 1674 1721 ,
1710 1649 2176 1722 Xenophontem,
2219 1651 2365 1709 alios

365 1726 496 1784 aevi
538 1725 814 1798 eiusdem,
858 1742 998 1798 quos
1041 1743 1113 1784 ex
1153 1726 1466 1785 eorundem
1507 1721 1874 1792 librariorum
1912 1725 2176 1785 manibus
2204 1742 2367 1786 acce-

360 1803 584 1875 pimus3
634 1803 745 1860 nisi
793 1801 945 1861 forte
996 1803 1316 1876 priscorum
1365 1800 1578 1860 ἀοιδῶν
1628 1803 1880 1876 pessima
1919 1802 1995 1869 ad
2033 1819 2137 1862 nos
2180 1819 2368 1862 exem-

368 1879 562 1952 plaria
600 1880 880 1951 venerint,
921 1896 1036 1939 non
1073 1879 1324 1953 reperio,
1367 1896 1470 1937 cur
1507 1880 1598 1938 his
1639 1885 1801 1938 tanto
1840 1880 2025 1937 minus
2055 1895 2225 1950 quam
2251 1881 2367 1939 illis

367 1952 768 2015 confidendum
810 1957 904 2015 sit.
982 1956 1230 2029 Accedit
1266 1956 1407 2029 huc,
1451 1955 1603 2029 quod
1646 1955 1989 2016 Oriticorum
2027 1955 2368 2016 Alexandri-

367 2048 588 2104 norum,
633 2035 731 2104 qui
771 2032 1045 2106 deinceps
1075 2034 1439 2106 exstiterunt,
1479 2049 1660 2108 opera
1686 2033 1949 2105 contigit,
1989 2039 2055 2092 ut
2080 2050 2185 2093 nos
2211 2035 2368 2094 haud

366 2108 542 2168 dubie
569 2109 883 2168 Homerum
910 2110 1104 2168 multis
1131 2111 1272 2169 locis
1299 2110 1517 2169 rectius
1558 2110 1838 2183 scriptum
1876 2111 2155 2182 legamuS,
2197 2113 2368 2182 quam

363 2186 453 2243 illi
512 2186 625 2259 ipsi
662 2187 860 2258 legere
899 2191 1154 2260 possent.
1233 2186 1501 2260 Denique
1553 2187 1613 2244 in
1665 2188 1737 2245 iis
1798 2186 2208 2260 scriptoribus,
2270 2191 2368 2261 qui

362 2261 603 2321 Homeri
641 2279 842 2321 versus
882 2268 1198 2337 apponunt,
1237 2264 1543 2337 pauciores
1586 2280 1743 2335 sane,
1785 2279 1957 2335 quam
1996 2264 2123 2334 quis
2150 2272 2367 2339 speret,

365 2337 735 2397 diversitates
788 2340 1054 2399 lectionis
1089 2345 1239 2398 sunt
1253 2384 1267 2412 ,
1319 2357 1469 2412 quae
1520 2339 1751 2413 quidem
1802 2340 2045 2398 alicuius
2093 2344 2368 2401 momenti

363 2415 497 2488 sint,
537 2430 644 2473 nec
681 2413 857 2474 infida
896 2418 1173 2475 memoria
1211 2416 1455 2476 vitiatae
1470 2462 1484 2489 ,
1536 2434 1680 2489 quas
1719 2432 1833 2486 non
1875 2433 1948 2474 ex
1986 2418 2116 2476 istis
2158 2418 2368 2478 codici-

316 2472 348 2562 (
363 2491 474 2550 bus
514 2508 701 2565 paene
742 2492 975 2552 easdem
1029 2493 1393 2565 recipiamus.
1471 2494 1715 2554 Novitas
1757 2494 1907 2551 enim
1946 2494 2209 2553 codicum
2254 2512 2369 2555 non

316 2569 1908 2659 &Q
1596 2561 1979 2629 H'lescentia:
2042 2572 2220 2631 etiam
2275 2574 2370 2631 hic

363 2660 478 2706 non
539 2660 770 2719 semper
809 2651 972 2704 aetas
1013 2651 1357 2719 sap1ent1am
1395 2647 1593 2719 ,affert3
1651 2653 1719 2704 ut
1770 2647 2013 2719 quisque
2072 2649 2370 2720 antiquum

367 2727 427 2779 et
484 2719 696 2780 bonum
746 2727 1042 2781 auctorem
1095 2722 1242 2781 bene
1292 2724 1584 2796 sequitur,
1643 2724 1729 2783 ita
1784 2725 1956 2782 testis
2019 2731 2110 2784 est
2164 2725 2367 2785 bonus.

360 2796 495 2856 Etsi
534 2798 716 2870 igitur
755 2798 1115 2858 Scholiorum
1157 2804 1217 2857 et
1257 2799 1683 2860 Glossariorum
1723 2802 2035 2873 apparatui
2073 2802 2367 2875 aliquanto

361 2874 498 2946 plus
541 2890 711 2945 quam
751 2874 920 2933 nudis
960 2875 1308 2935 membranis
1326 2876 1575 2949 ,tribu03
1629 2876 1892 2949 pluribus
1944 2883 2142 2936 tamen
2194 2893 2385 2937 exem-

360 2950 473 3022 plis
516 2966 696 3023 saepe
734 2953 1044 3025 perspexi,
1104 2952 1251 3011 haec
1304 2952 1575 3012 Carmina
1621 2968 1735 3013 non
1772 2954 1884 3011 nisi
1941 2954 2202 3025 utrisque
2251 2971 2383 3015 con-

361 3028 572 3085 iunctis
634 3028 816 3100 copiis
879 3028 957 3087 ad
1032 3044 1160 3087 eam
1238 3030 1587 3103 scripturam
1645 3030 1907 3088 revocari
1964 3047 2139 3103 posse
2155 3072 2175 3100 ,
2235 3047 2385 3102 quae

362 3119 549 3175 neque
587 3104 730 3178 ipsis
770 3105 847 3163 sit
888 3103 1149 3178 indigna,
1194 3121 1304 3164 nec
1345 3122 1382 3165 a
1422 3104 1630 3166 doctae
1659 3107 2023 3177 antiquitatis
2050 3110 2383 3180 praeceptis

365 3178 702 3240 abhorrens.
780 3180 862 3240 Et
901 3181 1012 3241 hoc
1050 3182 1110 3239 in
1150 3183 1280 3242 loco
1309 3182 1396 3241 ita
1421 3181 1586 3241 nobis
1616 3182 2099 3253 acquiescendum
2128 3185 2256 3257 erit,
2297 3192 2384 3259 ut,

361 3256 414 3315 si
465 3273 673 3329 purum
712 3261 916 3330 putum
956 3254 1152 3316 ἀοιδὸν
1203 3273 1550 3330 quaeramus
1573 3302 1589 3329 ,
1626 3274 1735 3317 nec
1773 3259 1929 3317 idem
1967 3259 2161 3331 nobie,
2213 3262 2370 3331 quod

359 3330 704 3402 Plutarcho,
742 3333 1005 3406 Longino
1045 3334 1136 3393 vel
1174 3333 1411 3408 Proclo,
1452 3336 1597 3394 satis
1639 3350 1776 3398 esse,
1808 3340 2101 3409 putemus,
2143 3315 2245 3404 alit
2290 3337 2367 3395 ad
2452 3357 2490 3392 α

360 3409 558 3469 inania
596 3416 750 3483 vota,
791 3416 895 3469 aut
932 3411 1009 3469 ad
1051 3409 1389 3471 effienat'am
1432 3410 1729 3471 divinandi
1766 3411 2064 3470 libidinem
2090 3413 2186 3471 res'
2211 3413 2366 3471 redi-

358 3490 496 3545 tura
535 3501 665 3545 esse
702 3486 987 3546 videatur.
1248 3487 1265 3498 ”

2002 3587 2057 3629 1·
