2734 4000
1253 312 1322 326 --
1369 280 1480 340 178
1537 310 1613 322 -

434 444 632 499 natum
670 436 995 496 universam
1033 433 1273 495 formam
1312 449 1476 493 suam
1515 433 1806 507 accepisse
1844 449 1951 491 nec
1987 434 2194 492 mirum
2225 440 2334 507 est„
2378 435 2441 491 in

439 514 797 591 gravioribus
835 511 1086 586 mendis,
1145 511 1366 570 lacunis
1416 511 1766 582 assertisque
1815 510 2020 584 pannis
2069 508 2192 569 fere
2235 528 2438 570 omnes

438 599 664 653 veteres
685 595 866 651 testes
898 590 1229 663 conspirare
1254 604 1362 647 nec
1389 590 2054 663 succefflre‘possumus
2078 588 2439 647 Masorethis

441 669 593 744 quod
631 668 794 729 nobis
833 672 1054 727 textum
1092 666 1309 740 passim
1349 665 1725 739 depravatum
1763 664 2127 725 tradiderunt
2163 666 2282 723 nisi
2315 666 2440 725 cul-

438 764 582 822 pare
621 746 860 804 velimus
902 743 1295 805 Herodianum
1335 744 1426 802 vel
1464 741 1843 816 Porphyrium
1882 742 2034 814 quod
2073 758 2187 802 non
2226 759 2438 815 purum

439 825 751 884 Homerum
798 823 1194 882 restituerunt.
1272 820 1393 895 Ipsi
1442 819 1686 891 denique
1727 819 1782 878 ei
1831 819 1930 891 qui
1977 818 2233 878 criticam
2275 835 2437 877 exer-

441 900 650 960 cebant
688 901 749 957 in
801 900 987 959 Biblis
1027 914 1140 959 non
1177 898 1362 971 magis
1406 897 1810 971 grammaticas
1849 896 2105 957 rationes
2147 896 2438 957 callebant

441 994 556 1051 qua
593 976 919 1037 Zenodotus
962 976 1262 1049 Origenes.
2209 969 2306 983 ““”
2335 974 2342 977 ’

592 1055 686 1113 An
722 1054 872 1112 hunc
910 1054 1204 1126 vulgarem
1239 1056 1461 1110 textum
1501 1051 1647 1111 alius
1673 1056 1774 1111 aut
1792 1051 1988 1126 plures
2010 1051 2440 1125 praecesserint

441 1149 608 1193 nemo
647 1132 707 1189 in
746 1136 912 1190 tanta
949 1129 1299 1191 obscuritate
1337 1144 1533 1188 rerum
1571 1145 1677 1204 pro
1717 1134 1875 1189 certo
1915 1128 2142 1187 dixerit.
2218 1127 2440 1187 Proba-

441 1211 558 1270 bile
597 1214 790 1267 tamen
832 1213 950 1280 est,
989 1212 1245 1267 nostrum
1284 1222 1400 1266 non
1434 1206 1661 1265 unicum
1699 1204 1878 1266 fuisse
1917 1207 1977 1264 in
2016 1206 2214 1279 primis
2253 1206 2313 1262 in
2340 1220 2442 1263 ex-

443 1285 870 1347 cellentioribus
918 1285 985 1343 V.
1026 1284 1092 1342 T.
1133 1282 1315 1345 libris.
1397 1282 1513 1343 Sed
1559 1283 1655 1342 hic
1702 1288 1900 1343 noster
1944 1283 2196 1355 reliquos
2235 1281 2439 1341 obscu-

443 1364 594 1423 ravit
632 1362 825 1423 nescio
866 1361 1072 1434 quibus
1112 1358 1266 1419 fatis.
1332 1359 1415 1419 Et
1438 1359 1813 1420 Alexandrini
1840 1360 2189 1434 interpretes
2216 1359 2441 1431 aliquot

442 1441 620 1501 libros
662 1457 733 1499 ex
772 1439 1002 1498 diversa
1040 1454 1077 1497 a
1115 1438 1354 1497 Masora
1391 1438 1727 1498 recensione
1766 1438 2008 1497 vertisse
2049 1441 2289 1497 constat.

596 1517 747 1576 Hinc
786 1514 908 1576 fere
951 1516 1123 1575 etiam
1163 1519 1358 1574 textus
1398 1514 1637 1575 Homeri
1677 1516 1928 1588 vulgaris
1968 1520 2183 1576 noster.

599 1594 715 1655 Sed
751 1594 902 1652 hunc
941 1593 1236 1666 vulgarem
1286 1596 1508 1651 textum
1551 1593 1717 1650 multi
1755 1592 1986 1665 ingenio
2026 1591 2191 1651 abusi
2226 1590 2444 1651 deinde

445 1671 757 1733 refixerunt
777 1671 951 1730 variis
979 1669 1182 1743 modia
1211 1669 1557 1741 conjecturis
1585 1671 2060 1728 contaminarunt.
2087 1668 2443 1727 Judaeorum

448 1750 700 1824 gravitas
761 1751 897 1821 (non
937 1747 1220 1806 succurrit
1259 1747 1453 1821 aptius
1492 1745 1852 1818 vocabulum)
1894 1746 2183 1818 acquievit
2217 1742 2340 1803 fere
2378 1746 2444 1803 in

446 1827 623 1887 semel
661 1826 881 1900 paratis
922 1826 1097 1884 etiam
1134 1825 1195 1883 in
1232 1824 1636 1884 vitiosissimis.
1688 1823 1905 1882 Tamen
1943 1824 2147 1882 mirum
2188 1827 2343 1881 esset
2378 1823 2444 1880 ni

448 1905 622 1964 etiam
670 1903 1037 1975 conjecturae
1085 1902 1146 1960 in
1194 1905 1356 1961 textu
1409 1917 1573 1960 sacro
1627 1907 1847 1974 essent,
1901 1916 1972 1959 ex
2022 1899 2440 1972 antiquioribus

448 1980 801 2057 temporibus
818 2026 833 2054 ‚
913 1979 1118 2053 quibus
1180 1978 1432 2040 nondum
1481 1983 1646 2039 tanta
1705 1977 2041 2054 superstitio
2105 1976 2445 2036 invaluisset

448 2066 690 2131 uterque
728 2059 996 2133 populus2
1035 2056 1453 2129 antiquioribus
1492 2055 1846 2132 temporibus
1861 2100 1876 2127 ‚
1931 2056 2040 2116 etsi
2079 2057 2222 2115 haec
2259 2069 2444 2128 opera

450 2134 810 2194 θεόπνευστα
856 2140 1093 2210 putaret
1138 2150 1253 2194 non
1292 2139 1487 2194 tamen
1524 2134 1609 2193 ita
1648 2134 1858 2193 stultus
1900 2138 2055 2207 erat,
2103 2139 2169 2192 ut
2209 2132 2444 2205 singula

449 2212 626 2272 verba
664 2212 1038 2287 suppeditata
1077 2210 1371 2284 crederet3
1411 2211 1608 2284 itaque
1650 2212 1708 2268 in
1746 2210 1838 2269 his
1878 2210 2096 2284 aliquid
2123 2209 2236 2270 sibi
2258 2210 2443 2268 licere

449 2290 733 2364 putabant
769 2288 1063 2362 mutando,
1106 2287 1483 2362 excernendo,
1523 2287 1942 2363 interpolando.
2020 2288 2179 2346 Idem
2209 2286 2346 2345 dein
2370 2285 2442 2344 li-

450 2372 648 2426 center
700 2367 758 2425 in
797 2366 1368 2440 interpretationibus
1408 2363 1641 2439 factum,
1680 2366 1791 2425 etsi
1823 2365 1912 2424 his
1951 2382 2150 2440 parem
2184 2362 2308 2422 fere
2341 2380 2444 2422 au-

452 2444 776 2505 ctoritatem
815 2442 1162 2503 tribuebant.
1257 2443 1500 2503 Omnino
1537 2443 1834 2503 liberalius
1874 2443 2205 2517 cogitabant
2251 2457 2444 2513 neque

453 2522 624 2581 aliter
690 2526 962 2596 poterant
1020 2521 1069 2580 si
1131 2516 1513 2579 θεοπνεύστου
1564 2521 1840 2581 orationis
1878 2521 2047 2595 plura
2086 2537 2197 2581 non
2237 2521 2444 2579 eadem

454 2598 716 2673 exempla
756 2598 944 2657 adhuc
982 2599 1042 2656 in
1079 2598 1342 2658 manibus
1386 2604 1597 2658 essent.
1676 2598 1944 2673 Inprimis
1985 2604 2177 2658 autem
2216 2599 2326 2658 hoc
2367 2599 2442 2655 si-

452 2676 586 2734 mile
627 2676 778 2748 quod
819 2676 879 2733 in
919 2675 1179 2749 utrisque
1219 2676 1491 2751 operibus
1532 2676 1746 2749 passim
1788 2676 1947 2735 clara
1972 2674 2303 2750 vestigia49)
2348 2691 2445 2735 ex-

454 2758 610 2812 stant
650 2753 1081 2826 antiquissimae
1131 2750 1348 2813 formae
1390 2759 1455 2811 ut
1493 2754 1897 2814 commissurae
1936 2752 2091 2813 haud
2130 2753 2302 2827 plane
2343 2752 2444 2813 ob—

455 2834 739 2903 scuratae,
780 2830 972 2903 qualia
1012 2835 1203 2889 tamen
1241 2829 1373 2888 rudi
1411 2830 1828 2890 inconstantiae
1878 2832 2302 2891 recensentium
2341 2848 2445 2903 po·

453 2908 569 2967 tius
638 2922 807 2979 quam
871 2907 1107 2967 consilio
1166 2913 1226 2966 et
1283 2905 1419 2966 fidei
1487 2907 1793 2967 tribuenda
1850 2914 2006 2982 puto.
2093 2908 2185 2967 Ita
2232 2923 2303 2966 ex
2352 2908 2444 2966 his

457 2984 731 3056 exemplis
778 3000 945 3044 nemo
995 2984 1230 3057 colligat
1268 2984 1472 3044 eadem
1509 2983 1622 3043 fide
1662 2990 1919 3045 versatos
1947 2986 2075 3046 illos
2101 2986 2161 3043 in
2185 2986 2445 3057 reliquis.

610 3061 825 3122 Textus
853 3061 1154 3122 Hebraeus
1171 3132 1176 3136 .
1193 3067 1391 3122 noster
1419 3078 1489 3121 ex
1513 3059 1827 3140 παραδόσει
1852 3063 2119 3135 manavit,
2160 3063 2334 3136 plane
2360 3062 2447 3121 sic

455 3139 794 3201 Homericus
840 3144 1038 3201 noster
1075 3140 1344 3212 vulgaris.
1424 3141 1492 3199 In
1530 3145 1774 3213 utraque
1812 3137 2127 3231 παραδόσει
2160 3139 2444 3212 judicium

458 3216 776 3277 adhibitum
826 3222 916 3278 est
961 3217 1273 3278 lectionum
1321 3217 1477 3291 quod
1531 3222 1725 3277 tamen
1762 3217 1927 3278 nobis
1965 3215 2248 3290 refingere
2287 3217 2444 3277 licet.

456 3295 524 3353 In
562 3300 806 3430 ititroque
826 3293 1142 3373 παράδοσις
1178 3295 1307 3371 ipsa
1345 3310 1746 3368 nonnunquam
1784 3295 2049 3355 mutilata
2088 3299 2178 3354 est
2218 3300 2281 3355 et
2318 3311 2448 3357 cor-

456 3387 565 3445 rup
594 3388 645 3431 a.

660 3532 735 3599 ⁴9)
768 3532 1026 3602 exempla.
