2734 4000
1189 264 1531 316 -5-

478 416 661 474 Henr.
718 414 949 487 quidem
1001 413 1357 487 Stephanum
1407 413 1726 472 Barnesius
1776 429 1890 486 non
1936 413 2225 472 immerito
2276 428 2392 481 αα,

364 499 534 552 cusat
570 493 881 551 Eustathio
935 491 1300 564 negligenter
1350 476 1771 550 ηἷιῖῐῖἶ-ἷιῗιέἔὲε
1798 521 1802 526 -
1825 490 1941 548 nisi
1987 489 2370 550 laboriosissi-

186 580 201 603 ⁴
367 586 523 628 mum
552 570 753 642 virum,
796 585 970 640 quum
998 558 1310 640 sfi-Q—tarias
1338 574 1506 626 notas
1535 567 1832 640 scriberet,
1875 583 1947 624 ea
1973 567 2133 626 dicas
2163 566 2372 625 afferre

362 648 635 719 noluisse,
678 647 884 718 quibus
924 662 1037 705 non
1077 645 1154 705 ad
1193 644 1597 716 corrigendum
1639 661 1774 702 usus
1816 649 1987 702 esset.
2066 645 2188 702 Illis
2220 644 2373 701 enim

367 724 615 783 saeculis
655 724 886 796 impune
928 722 1438 781 dissimulabantur
1474 722 1723 793 laboreS,
1764 737 1905 792 quos
1932 721 2106 780 hodie
2132 721 2371 779 mutatis

368 800 624 860 moribus
665 801 726 857 in
763 801 952 859 lucem
992 798 1260 873 proferre
1301 800 1578 871 cogimur.
1656 798 1751 856 Ita
1777 798 1851 856 ab
1878 797 2095 856 Aldina
2120 797 2255 857 inde
2282 813 2371 856 se-

366 877 553 936 cunda
590 877 851 950 pluribus
891 878 1146 950 priorum
1190 875 1496 946 editorum,
1540 875 1798 947 quamvis
1838 875 2182 947 tacentibuS,
2222 875 2375 933 hunc

366 954 813 1014 Grammaticum
862 970 1098 1027 prorsus
1139 953 1467 1025 neglectum
1506 970 1619 1012 non
1668 951 1929 1024 credam,
1986 969 2059 1011 ex
2107 968 2221 1024 quo
2273 968 2372 1010 eos

370 1032 544 1089 etiam
598 1031 890 1103 recepisse
946 1030 1115 1090 video
1157 1030 1458 1103 nonnulla,
1512 1046 1661 1102 quae
1715 1030 1810 1088 vix
1861 1029 2094 1088 aliunde
2146 1044 2373 1087 sumere

366 1113 629 1181 possent:
673 1107 776 1164 sed
805 1108 1185 1166 constantiam
1212 1108 1656 1180 comparationis
1683 1123 1798 1165 non
1824 1107 2071 1179 reperio.
2110 1105 2373 1177 Eamque

364 1201 441 1243 ne
481 1184 742 1243 Romana
781 1184 1015 1255 quidem
1058 1184 1235 1243 editio
1288 1186 1462 1258 plane
1510 1184 1746 1257 probat,
1799 1183 1902 1241 illa
1950 1199 2098 1254 quae
2151 1187 2373 1241 textum
2401 1197 2450 1235 lo

369 1264 537 1319 iuxta
578 1268 637 1320 et
663 1262 827 1331 illius„
849 1261 1332 1320 commentarium
1360 1263 1632 1323 continet.
1710 1260 1847 1333 Ipse
1873 1276 2010 1319 vero
2036 1259 2372 1331 BarnesiuS,

311 1366 321 1375 ·
366 1341 471 1410 qui
500 1337 797 1397 Eustathii
822 1341 1015 1393 intima
1057 1341 1263 1395 scrinia
1303 1358 1358 1394 se
1397 1341 1715 1409 compilasse
1740 1339 1942 1408 iactat,
1983 1352 2154 1409 quam
2181 1336 2240 1393 in
2266 1336 2376 1394 hac

370 1421 432 1474 et
473 1416 708 1486 reliquis
748 1412 1199 1487 professionibus
1241 1416 1358 1473 suis
1403 1431 1580 1473 vanus
1620 1414 1725 1486 sit,
1777 1420 1839 1473 et
1887 1414 1988 1471 alii
2040 1414 2148 1471 viri
2199 1412 2374 1485 docti,

367 1499 428 1550 et
479 1508 623 1550 unus
681 1493 755 1550 de
805 1493 1006 1564 paucis
1021 1537 1035 1564 ,
1090 1492 1188 1564 qui
1236 1492 1608 1551 Eustathium
1659 1490 1926 1563 gnaviter
1983 1491 2373 1562 perlegerant,

368 1568 790 1633 Valckenarius
830 1569 1067 1627 monuit.
1146 1569 1353 1640 Neque
1392 1575 1587 1628 tamen
1613 1568 1949 1639 BarnesiuS,
1991 1572 2189 1626 cetera
2214 1567 2376 1639 inep-

369 1651 467 1704 tus
507 1646 695 1718 homo,
737 1651 798 1703 et
836 1661 1041 1718 parum
1083 1650 1352 1704 accurate
1395 1646 1617 1717 doctuS,
1656 1645 1766 1703 hac
1803 1644 1978 1703 laude
2017 1642 2375 1702 fraudandus

373 1729 483 1795 est,
528 1738 657 1781 eum
695 1721 875 1780 fuisse
915 1723 1182 1795 primum,
1222 1723 1321 1794 qui
1361 1740 1434 1781 ex
1472 1721 1724 1792 antiquis
1752 1720 2129 1795 scriptoribus
2157 1718 2408 1801 aliquid*

366 1799 444 1857 ad
502 1800 925 1870 insequentium
975 1816 1144 1857 usum
1192 1804 1585 1872 expromeret,
1634 1799 1857 1869 aliquid
1903 1799 2030 1871 ipse
2081 1798 2257 1856 etiam
2307 1812 2379 1855 ex

368 1876 459 1934 his
500 1873 752 1934 fontibus
793 1875 941 1934 bene
982 1876 1318 1948 corrigeret.
1398 1876 1765 1943 Temerarias
1809 1876 1934 1934 eius
1971 1874 2378 1945 correctiones,

363 1969 603 2012 numero
643 1953 862 2025 plures,
914 1953 1012 2024 qui
1049 1969 1250 2012 rursus
1293 1953 1587 2027 expunxit,
1629 1951 1893 2013 Olarkius
1969 1951 2057 2010 vir
2096 1966 2378 2024 gramma-

369 2031 522 2089 ticae
566 2029 866 2088 doctrinae
906 2030 1309 2103 peritissimus,
1351 2032 1646 2103 ingenium
1686 2022 1900 2101 u51que
1939 2028 2137 2103 prodit
2162 2029 2269 2087 tali
2292 2029 2378 2087 la-

365 2107 493 2166 bori
548 2113 612 2165 et
659 2107 812 2165 omni
854 2107 1153 2165 severitati
1194 2108 1432 2166 criticae
1471 2123 1686 2180 operae
1736 2107 2005 2166 alienum.
2083 2105 2142 2164 Is
2197 2105 2378 2177 igitur

369 2184 779 2242 auctoritatem
831 2184 1171 2257 lectionum,
1224 2200 1376 2256 quae
1416 2184 1647 2257 quidem
1689 2198 1762 2241 ex
1799 2185 2043 2242 vetustis
2099 2182 2375 2254 exemplis

366 2261 490 2333 peti
518 2259 789 2333 debebat,
817 2260 1027 2331 omisit,
1057 2265 1355 2319 contentus
1385 2259 1509 2319 fere
1534 2276 1717 2334 parva
1743 2261 1845 2319 illa
1871 2261 2175 2330 varietate,
2206 2274 2376 2330 quam

360 2337 674 2409 Appendix
725 2336 1044 2408 vulgarium
1098 2338 1234 2396 olim
1285 2338 1635 2409 editionum,
1690 2342 1750 2394 et
1792 2337 2119 2411 Stephanus
2158 2336 2377 2394 Barne-

364 2415 602 2485 siusque
643 2412 963 2485 dederant3
1005 2414 1081 2472 ad
1118 2413 1491 2473 Eustathium
1530 2415 1622 2473 vel
1663 2413 1895 2474 Scholia
1932 2414 2122 2472 rarius
2175 2412 2377 2471 dever-

366 2491 458 2563 tit,
500 2490 602 2547 ubi
642 2490 745 2547 alii
783 2490 1125 2562 haeserant,
1180 2496 1283 2549 aut
1321 2491 1448 2565 ipse
1490 2491 1812 2550 sententiae
1866 2507 2007 2550 suae
2058 2487 2378 2562 quaerebat

368 2573 664 2626 auctorem
682 2570 720 2637 ς’
736 2567 965 2639 reliqua
1005 2568 1245 2636 leviter,
1286 2573 1347 2626 et
1385 2568 1621 2640 leniter,
1662 2568 1921 2639 miraque
1960 2565 2377 2639 moderatione,

364 2648 433 2701 ut
482 2658 886 2713 nonnunquam
925 2644 1019 2701 vel
1057 2644 1116 2700 in
1154 2645 1330 2703 meris
1371 2645 1608 2717 ineptiis
1647 2643 1918 2703 Barnesii
1954 2644 2097 2703 nihil
2122 2645 2234 2703 nisi
2261 2645 2377 2699 ido-

369 2739 528 2777 neam
567 2723 831 2775 rationem
870 2719 1182 2779 desideret.
1261 2721 1395 2780 Alio
1436 2722 1623 2780 animo
1665 2727 1725 2780 et
1764 2721 2061 2781 doctrinae
2089 2724 2381 2795 apparatu

378 2796 457 2855 ad
509 2795 890 2869 repetendum
945 2796 1316 2856 Clarkianum
1377 2798 1698 2871 exemplum
1758 2800 2006 2857 accessit
2052 2798 2377 2871 ErnestiuS,

375 2873 489 2931 etsi
527 2889 643 2932 non
683 2880 887 2946 sponte
905 2917 920 2945 ,
971 2874 1076 2933 sed
1126 2874 1352 2932 librarii
1392 2876 1483 2932 sui
1522 2875 1834 2934 voluntate.-
1916 2876 2100 2946 Quam
2140 2877 2214 2935 ob
2253 2890 2377 2934 rem

372 2965 504 3008 eum
543 2950 728 3021 magis
769 2948 1171 3009 admirandum
1211 2956 1353 3024 puto
1394 2952 1455 3009 in
1493 2951 1751 3011 ornando
1790 2952 1900 3010 hoc
1939 2953 2131 3011 alieno
2180 2968 2377 3027 opere,

366 3041 540 3159 {uam
580 3027 641 3083 in
679 3027 930 3099 propriis
968 3027 1335 3100 quibusdam,
1376 3044 1526 3100 quae
1566 3028 1909 3088 contentiori
1949 3029 2143 3088 studio
2169 3046 2378 3103 perpo-

395 3104 515 3160 'vit.
592 3102 706 3160 Hic
744 3108 957 3177 tamen,
1000 3104 1099 3176 qni
1140 3108 1201 3162 et
1240 3102 1601 3164 conferendis
1641 3103 1905 3177 pluribus
1944 3106 2108 3164 libris
2151 3113 2211 3165 et
2236 3121 2373 3167 vero
2404 3129 2451 3167 11

364 3179 545 3238 etiam
585 3178 893 3239 iudicando
908 3224 924 3253 ,
965 3180 1026 3238 id
1067 3181 1221 3252 quod
1259 3181 1457 3240 multis
1498 3182 1640 3241 locis
1680 3182 2009 3241 acutissime
2050 3181 2216 3255 facit,
2257 3199 2375 3242 om-

360 3256 521 3314 nium
563 3256 780 3328 optime
822 3255 896 3315 de
933 3257 1182 3316 lectione
1208 3258 1521 3317 Homerica
1545 3260 1776 3331 meruit,
1815 3259 1971 3317 idem
1999 3259 2235 3318 videbat
2260 3260 2376 3332 sig-

358 3329 749 3404 nificabatque
792 3333 851 3389 in
879 3332 1130 3393 Praefat.
1172 3333 1299 3394 Vol.
1341 3335 1431 3407 V.,
1473 3340 1747 3406 quantum
1787 3352 1960 3408 porro
1998 3335 2378 3395 laborandum

268 3472 291 3478 p
362 3414 540 3482 esset,
583 3409 720 3468 dum
759 3410 1095 3482 contingere
1121 3417 1325 3483 posset
1351 3416 1581 3485 poetae,
1623 3417 1690 3470 ut
1716 3411 1791 3472 ab
1818 3414 1972 3471 omni
1998 3419 2167 3485 parte
2194 3429 2375 3487 purus

362 3489 431 3544 et
452 3485 808 3546 emendatus
849 3486 1134 3582 prodiret.
1217 3488 1467 3548 Tantum
1506 3488 1711 3548 aberat
1750 3489 1849 3548 ille
1890 3506 1927 3548 a
1951 3505 2228 3563 perversa
2254 3491 2379 3563 opi,-
