2734 4000
1130 280 1489 334 -31-

305 445 419 502 que
444 429 556 487 nisi
576 429 802 502 scirem,
830 445 1000 502 quam
1022 426 1193 487 facile
1219 428 1280 485 in
1304 432 1472 488 tanto
1499 443 1677 501 opere
1695 426 1948 488 minores
1968 428 2310 489 offensiones

304 505 723 566 obumbrantur
759 522 1098 579 magnarum
1136 505 1390 579 partium
1416 506 1625 578 nitore,
1666 505 1914 563 mirarer
1935 507 2155 565 nullum
2184 504 2308 566 Cri·

301 584 572 656 ficorum,
601 589 763 642 vates
790 583 896 643 hos
923 582 1002 642 ad
1026 583 1328 655 vulgarem
1354 597 1613 641 normam
1641 581 2087 656 emendantium,
2116 582 2308 643 adhuc

306 665 573 719 exortum
602 676 750 733 esse,
791 660 891 732 qui
918 664 1166 732 quatuor
1189 658 1451 718 molestis
1479 658 1743 717 versibus
1780 657 1991 718 deletis
2018 660 2207 720 locum
2232 661 2309 719 si-

302 736 500 795 milem
527 734 751 797 faceret
773 737 861 795 illi
881 756 941 813 p.
967 743 1116 809 166„
1144 751 1323 808 seque
1348 735 1549 809 primis
1575 735 1921 810 politoribus
1940 736 2143 796 horum
2174 736 2314 797 Oar-

307 814 527 872 minum
565 813 928 887 adiungeret.
992 813 1105 887 Qui
1142 812 1193 871 si
1222 811 1368 870 illud
1403 812 1545 872 olim
1589 811 1883 886 fecissent,
1928 814 2017 872 uti
2043 830 2143 874 eos
2169 814 2312 874 alibi

307 905 491 964 saepe
514 888 724 949 fecisse
753 889 1032 949 credibile
1061 895 1168 961 est,
1197 889 1289 947 vel
1318 890 1496 948 etiam
1522 905 1574 948 v.
1605 895 1737 949 625.
1763 889 1991 949 initium
2016 891 2149 950 novi
2175 890 2312 950 libri

307 967 660 1040 posuissent,
688 972 847 1027 certo
862 966 1043 1026 credo
1064 964 1321 1025 futurum
1340 963 1541 1038 fuisse,
1568 971 1636 1025 ut
1658 967 1944 1025 tantulum
1965 983 2208 1026 acumen
2226 968 2313 1026 in-

310 1043 484 1117 genia
502 1044 753 1103 omnium
773 1049 1095 1118 temporum
1117 1041 1440 1101 deluderet.
1467 1043 1592 1101 Iam
1611 1049 1850 1117 praeter
1869 1045 2196 1117 opinionem
2212 1061 2310 1104 res

314 1118 544 1179 cecidit.
584 1118 641 1179 N
643 1137 734 1180 am
777 1121 888 1179 etsi
924 1119 1316 1179 vetustissima
1343 1125 1508 1178 aetas
1537 1119 1891 1179 Graecorum
1917 1124 1979 1178 in
2006 1108 2309 1199 adblando,

312 1195 573 1255 ornando
602 1196 993 1269 comendoque
1019 1197 1129 1256 hoc
1153 1200 1329 1269 poeta
1355 1212 1524 1254 omne
1551 1196 1805 1255 studium
1831 1197 2152 1271 collocavit,
2177 1198 2312 1256 reli-

307 1273 435 1345 q'uit
466 1288 539 1331 ea
564 1278 760 1332 tamen
779 1273 1187 1347 Pylaemenem
1212 1272 1382 1330 nimis
1410 1272 1526 1331 cito
1553 1271 1661 1332 fati
1680 1274 1772 1333 sui
1789 1273 2030 1333 oblitum
2078 1281 2138 1333 et
2158 1274 2313 1334 simi-

307 1350 388 1408 lia
414 1349 602 1424 plura,
632 1366 781 1423 quae
804 1350 1005 1409 Oritici
1029 1353 1253 1425 postea,
1281 1349 1449 1407 unice
1470 1356 1835 1424 quaerentes,
1862 1350 2001 1422 quid
2022 1318 2315 1418 ἑποποιΐας

306 1426 497 1486 tenori
542 1430 603 1485 et
627 1427 742 1486 arti
769 1427 1117 1500 conveniret,
1155 1425 1337 1485 obelis
1366 1431 1429 1485 et
1450 1427 1946 1488 emendationibus
1972 1428 2091 1487 suis
2118 1428 2196 1487 ad
2221 1445 2313 1488 or-

303 1502 501 1564 dinem
530 1509 592 1561 et
621 1504 984 1564 concordiam
1009 1503 1283 1577 redigere
1310 1504 1505 1563 conati
1531 1508 1665 1563 sunt
1673 1503 1768 1577 ⁹⁹).
2276 1534 2285 1541 κ

1158 1732 1452 1810 XXXI.

451 1903 716 1962 Fuerunt
754 1903 1067 1976 aliquando
1106 1904 1454 1979 philosophi,
1496 1905 1595 1976 qui
1631 1903 1781 1962 hanc
1820 1904 2071 1964 omnium
2108 1921 2304 1965 rerum
2332 1921 2413 1962 134
2496 1956 2505 1965 ,

296 1996 367 2040 ac
409 1997 715 2056 corporum
755 1979 1094 2057 compagem
1148 1986 1208 2041 et
1262 1982 1704 2041 universitatem
1741 1999 1855 2041 non
1892 1986 2086 2041 mente
2124 1984 2307 2043 numi-

432 2200 505 2270 99)
539 2199 939 2268 Nonnunquam
990 2200 1166 2254 minus
1212 2200 1447 2255 feliciter
1493 2200 1581 2253 vel
1619 2206 1944 2255 constanter.
2011 2201 2087 2257 Ut
2122 2202 2179 2256 in
2212 2203 2304 2258 illo

293 2267 635 2338 Pylaemene,
669 2266 780 2322 filio
817 2268 1137 2336 Harpalioni
1171 2270 1228 2323 in
1251 2269 1413 2323 funus
1447 2267 1749 2336 prodeunte
1784 2269 1848 2323 11.
1888 2288 1931 2323 ν.
1967 2272 2105 2339 658.,
2140 2286 2305 2339 quum

292 2338 411 2406 ipse
451 2336 659 2391 occisus
693 2341 836 2389 esset
870 2354 915 2392 ε.
953 2339 1070 2393 578.
1143 2338 1227 2391 De
1264 2353 1372 2405 quo
1408 2335 1564 2391 nobis
1598 2337 1783 2406 plures
1817 2338 2058 2392 rationes
2090 2338 2305 2393 illorum

294 2405 587 2474 propinant
623 2403 817 2459 Scholl.
856 2411 912 2458 et
944 2404 1101 2458 Eust.
1160 2404 1364 2459 Earum
1401 2405 1567 2473 nulla,
1604 2405 1659 2459 si
1722 2405 1816 2460 uid
1838 2405 2014 2475 video,
2050 2422 2181 2461 vera
2205 2415 2305 2476 est,

294 2489 404 2527 una
438 2473 597 2541 longe
634 2472 985 2593 inesstissima,
1023 2489 1130 2542 qua
1167 2473 1473 2542 corrigitur,
1508 2474 1653 2537 μετὰ
1685 2422 1812 2526 ἓόὔ
1848 2493 1947 2543 σφι
1980 2476 2169 2555 πατὴρ
2205 2476 2304 2529 κίε.

291 2543 450 2595 Hanc
500 2548 683 2594 tamen
766 2556 878 2594 arn.
915 2542 1126 2596 ornavit
1161 2542 1383 2610 proprio
1421 2542 1701 2596 versiculo,
1773 2542 1884 2596 Alii
1917 2559 2093 2611 nuper
2127 2559 2304 2612 ipsum

293 2615 511 2679 poetam
547 2608 828 2663 oblivionis
864 2609 1216 2663 accusabant:
1294 2609 1405 2664 uod
1430 2614 1788 2663 commentum
1811 2610 1961 2678 nulli,
2033 2616 2147 2679 uto,
2181 2612 2305 2665 Ari-

293 2678 630 2732 starchorum
664 2684 909 2730 veterum
943 2677 1231 2746 probatum
1328 2678 1476 2731 isset.
1537 2677 1678 2732 Nam
1714 2678 1850 2732 alius
1887 2679 1980 2747 qui
2020 2695 2104 2733 em
2139 2680 2195 2733 in
2217 2675 2303 2734 his

293 2747 458 2801 rebus
493 2745 654 2799 aliam
688 2744 901 2810 famam,
939 2753 1036 2799 aut
1068 2745 1214 2800 idem
1249 2745 1307 2799 in
1331 2745 1556 2800 diversis
1592 2747 1808 2815 scriptis
1845 2747 2113 2800 diversam
2149 2750 2303 2816 sequi

290 2819 490 2884 potest,
535 2830 643 2867 non
694 2813 836 2867 idem
887 2814 943 2867 in
992 2815 1183 2868 eadem
1218 2815 1447 2880 variare,
1485 2819 1541 2866 et
1577 2814 1795 2882 quidem
1829 2814 1983 2868 brevi
2018 2815 2301 2870 intervallo

291 2883 452 2937 unius
488 2880 681 2950 operis,
739 2883 985 2950 Denique
1009 2883 1119 2937 tale
1144 2882 1275 2951 quid
1300 2880 1553 2936 excidere
1576 2887 1759 2950 potest
1782 2882 2071 2937 recentiori
2087 2890 2301 2953 poetae,

293 2950 506 3005 fabulas
543 2965 768 3017 operose
807 2951 1098 3019 colligenti,
1135 2967 1244 3004 non
1267 2952 1447 3020 ἀοιδῷ,
1484 2950 1578 3017 qui
1601 2950 1657 3003 in
1680 2951 1784 3003 hac
1810 2949 2056 3005 doctrina
2074 2951 2300 3007 habitat.

292 3019 493 3073 Melius
530 3023 676 3072 certe
715 3018 839 3072 olim
876 3018 1092 3087 quidam
1128 3024 1415 3088 utrumque
1453 3032 1667 3072 versum
1704 3018 2114 3088 expungebant‚
2161 3036 2301 3088 quae

292 3086 609 3142 brevissima
645 3100 774 3140 sane
808 3087 898 3141 via
934 3093 1016 3141 est
1050 3086 1120 3141 ad
1156 3104 1367 3142 omnem
1405 3085 1823 3154 discrepantiam
1847 3093 1904 3140 et
1927 3086 2301 3142 difficultatem

292 3155 602 3211 tollendam.
677 3155 815 3209 Aliis
860 3171 989 3209 vero
1039 3155 1171 3210 locis
1206 3156 1327 3210 illos
1364 3156 1476 3210 sive
1514 3155 1722 3208 incuria
1758 3156 1870 3208 sive
1904 3170 2075 3222 prava
2109 3157 2299 3226 religio

295 3223 560 3279 deterruit
579 3263 593 3290 ,
648 3238 754 3290 quo
791 3224 966 3277 minus
1002 3224 1180 3280 omnia
1216 3223 1475 3278 eiicerent
1494 3263 1509 3291 ,
1558 3238 1696 3291 quae
1730 3238 1911 3276 rerum
1948 3238 2207 3278 summam
2243 3232 2300 3279 et

293 3291 634 3360 aequabilem
685 3298 929 3346 tenorem
980 3293 1278 3346 turbarent.
1351 3292 1442 3358 Ut,
1477 3306 1546 3344 ne
1583 3291 1691 3344 alia
1724 3306 1868 3345 nunc
1902 3306 2206 3361 congeram,
2240 3293 2300 3346 in

293 3361 416 3429 ipsa
454 3359 846 3427 chorographia
880 3360 999 3429 agri
1017 3361 1237 3415 Troiani
1272 3358 1477 3429 aliquid
1500 3358 1747 3412 relictum
1773 3364 1863 3412 est
1885 3357 2299 3429 discrepantiae,

293 3444 397 3483 nec
432 3427 701 3482 sublatum
736 3427 803 3482 ab
840 3428 975 3497 istiS,
1011 3429 1163 3483 cuius
1198 3445 1362 3484 causa
1397 3426 1597 3484 nemini
1633 3432 1822 3482 auctor
1856 3427 1972 3496 sim,
2024 3436 2086 3481 ut
2122 3428 2298 3483 denuo

292 3497 514 3565 longum
549 3496 655 3549 iter
690 3496 963 3565 suscipiat.

349 3593 410 3635 W
423 3602 449 3633 ο
464 3592 514 3632 11
524 3619 535 3640 .
564 3592 908 3643 Prologomena.
1966 3593 1992 3632 6
