2734 4000
1166 275 1382 329 ...⁶5
1453 302 1525 312 ..-

341 426 501 484 clare
539 423 824 496 tradunt‚‘
839 425 1185 498 compositos
1227 439 1266 482 a
1302 422 1613 496 rhapsodis
1655 439 1785 482 esse
1824 423 2101 497 Hymos,
2143 423 2349 496 quibus
2378 437 2454 477 1⁰7

338 502 584 561 sollenni
621 500 956 560 recitationi
979 501 1420 563 Homericorum
1462 505 1522 559 et
1561 501 1805 560 aliorum
1829 499 2156 559 Carminum
2182 516 2352 574 prae-

338 577 626 638 luderent.
715 578 921 649 Itaque
982 577 1307 651 posteriore
1357 578 1419 635 in
1467 578 1669 650 primis
1711 583 1951 636 auctore
1998 576 2185 637 fretus
2233 578 2351 636 iam
2442 604 2450 611 ·

336 656 474 714 olim
526 654 970 714 Hemsterhusio
1021 655 1171 713 duce
1223 654 1474 726 conieci,
1540 671 1613 713 ex
1664 654 1881 713 talibus
1913 655 2241 743 ‘prooemiis
2291 660 2353 714 et

219 744 228 749 ’
337 730 678 805 fragmentis
732 733 1159 804 prooemiorum
1210 730 1361 790 hanc
1408 736 1669 790 nostram
1708 729 2058 804 farragmem
2098 732 2351 805 Hymno-

335 824 465 867 rum
505 805 812 868 conflatam
852 823 1000 882 esse,
1041 808 1245 867 addita
1285 823 1481 880 causa,
1519 824 1635 868 non
1674 807 2043 881 improbabili
2080 807 2349 881 fortasse,

337 901 442 943 cur
491 885 594 943 illa
632 885 846 943 sensim
896 902 1025 943 cum
1065 885 1390 944 Homericis
1434 884 1796 944 Carminibus
1854 884 2093 945 confusa
2130 884 2348 957 sintw).

336 961 497 1021 Nihil
540 963 709 1031 enim,
765 966 831 1020 ut
869 963 1091 1035 opinor,
1140 959 1407 1020 interfuit
1446 961 1806 1021 theatrorum
1843 962 2103 1035 istorum,
2154 963 2348 1036 explo-

335 1044 527 1097 ratum
563 1037 809 1110 habere,
864 1039 956 1096 cui
998 1039 1251 1111 quidque
1294 1038 1604 1111 deberent,
1660 1038 1814 1110 quod
1866 1039 2070 1097 auditu
2110 1038 2346 1111 dignum

338 1121 524 1173 esset:
562 1114 1084 1178 Alexandrinorum
1126 1119 1322 1175 autem
1362 1121 1649 1189 tempore,
1697 1131 1939 1187 quorum
1977 1117 2225 1174 maxime
2264 1116 2348 1173 in-

341 1190 564 1264 terfuit,
603 1192 747 1250 nihil
786 1191 1017 1250 videtur
1055 1190 1415 1266 superfuisse
1456 1193 1567 1252 nisi
1608 1193 1772 1251 varia
1812 1197 1873 1250 et
1898 1192 2146 1252 obscura
2171 1191 2344 1265 fama,

334 1275 403 1327 ut
441 1268 514 1326 de
555 1274 645 1328 tot
682 1269 813 1328 aliis
855 1266 1220 1339 ἀδεσπότοις,
1272 1285 1516 1341 quorum
1556 1269 1771 1342 partim
1810 1269 1927 1327 iam
1968 1269 2123 1344 apud
2162 1269 2347 1329 Hero-

335 1345 534 1405 dotum
572 1346 792 1405 mentio
832 1343 913 1405 fit.

487 1421 757 1494 Denique
808 1422 883 1480 de
935 1422 1207 1482 sollennis
1260 1423 1569 1494 iustaeque
1620 1423 1983 1482 recitationis
2021 1422 2249 1482 ratione
2288 1423 2349 1480 in

209 1550 218 1559 .
332 1497 581 1572 publicis
622 1498 1000 1558 conventibus
1042 1503 1103 1557 et
1141 1499 1559 1557 certaminibus
1598 1499 1952 1573 paucissima
1993 1505 2144 1571 sunt,
2197 1515 2345 1571 quae
2373 1515 2450 1554 108

334 1581 497 1634 certa
543 1592 739 1634 rerum
786 1573 901 1634 fide
963 1575 1288 1634 tradantur.
1387 1576 1581 1635 Unum
1632 1577 1788 1634 inter
1844 1592 2043 1636 omnes
2095 1581 2346 1649 constat,

332 1658 640 1724 utrumque
670 1668 810 1726 epos
838 1653 1080 1711 Homeri
1103 1652 1332 1711 nonnisi
1359 1653 1761 1727 particulatim
1788 1670 1858 1712 ac
1884 1652 2114 1712 diverso
2141 1652 2345 1712 ordine

299 1753 308 1759 ·
334 1727 707 1788 decantatum
745 1745 893 1801 esse,
936 1735 997 1787 et
1022 1730 1345 1803 particulae
1374 1730 1585 1801 cuique
1613 1730 1784 1803 vulgo
1811 1730 2112 1804 proprium
2137 1745 2347 1789 nomen

330 1803 511 1865 fuisse
524 1805 617 1878 80).
684 1806 779 1865 Ea
812 1807 1044 1866 nomina
1082 1810 1312 1864 exstant
1347 1812 1475 1865 tum
1515 1806 1671 1880 apud
1697 1806 2004 1865 Aelianum
2038 1812 2098 1864 et
2132 1805 2346 1865 Eusta—

331 1881 517 1943 thium
558 1883 619 1940 in
654 1883 956 1957 principiis
991 1882 1460 1955 rhapsodiarum‚
1505 1887 1628 1941 tum
1664 1883 1822 1957 apud
1855 1883 2000 1945 alios
2029 1883 2346 1956 scriptores

332 1975 504 2033 quam
542 1960 837 2034 plurimOS‚
879 1959 978 2032 qui
1016 1960 1234 2034 passim
1272 1959 1590 2020 Homerica
1620 1960 1758 2026 ¹loca
1797 1959 1873 2018 ad
1912 1960 2074 2019 illum
2113 1959 2347 2019 modum

231 2063 240 2070 ·
309 2037 606 2110 excitant.
686 2036 803 2096 Sed
864 2053 970 2096 eae
1018 2043 1218 2110 partes
1272 2036 1346 2096 ab
1388 2037 1557 2096 initio
1598 2035 1723 2095 fere
1762 2038 2054 2110 longiores
2094 2034 2345 2108 fuerunt,

333 2130 543 2187 neque,
571 2120 637 2173 ut
664 2130 737 2174 ex
759 2112 1070 2173 Eustathio
1098 2114 1358 2187 colligaS,
1391 2130 1520 2172 cum
1547 2113 1929 2179 Aristarchea
1956 2112 2347 2187 descriptione

328 2190 610 2250 librorum
649 2196 1055 2263 congruentes.
1116 2190 1209 2249 Ita
1245 2188 1485 2248 Ἀλκίνου
1531 2188 1819 2268 ἀπόλογος
1855 2189 1937 2249 IV
1965 2191 2058 2248 vel
2081 2189 2135 2248 V
2165 2189 2345 2248 libros

334 2267 631 2341 Odysseae
633 2267 1145 2361 complectebatur
1156 2266 1230 2340 ⁸¹)
1250 2285 1265 2339 ;
1307 2266 1462 2339 quod
1485 2283 1728 2341 pensum
1748 2268 1810 2325 in
1835 2283 1952 2326 una
1978 2266 2347 2326 sollennitate

331 2425 549 2481 factum.
621 2425 962 2494 Comparatio
998 2423 1159 2494 illius,
1194 2426 1280 2479 uti
1299 2426 1561 2496 'Lyricum
1598 2425 1842 2487 decebat,
1879 2425 2044 2479 ducta
2080 2429 2162 2478 est
2198 2438 2232 2477 a
2255 2437 2345 2492 ge-

330 2508 460 2549 nere
504 2494 737 2548 maxime
783 2493 981 2548 illustri
1000 2534 1015 2563 ,
1060 2493 1094 2547 i.
1133 2509 1180 2548 e.
1213 2511 1247 2548 a
1294 2509 1445 2549 more
1485 2493 1956 2549 celeberrimorum
1992 2492 2267 2546 festorum·
2290 2498 2347 2572 et

330 2563 545 2683 ’ἶῗιῗιῖἷύ
562 2562 1607 2685 ·3{⁰s⁹’1noei3{umaffefflffissss{sdffit
1639 2579 1776 2683 ἷῖῑρῑιῖ
1789 2560 1967 2682 (Ᾰίμοῖ
1981 2560 2346 2682 νεηῖιὲῧὲηὲἷῗ

329 2646 544 2752 nomiffe
579 2670 820 2766 laudans’,
871 2646 1032 2752 voc‘alt':
1065 2716 1105 2750 π
1170 2699 1282 2750 οοί
1285 2717 1326 2762 μ
1344 2717 1443 2751 ιον
1481 2644 2001 2764 nffiawmfflpqu‘o
2038 2696 2254 2749 nomine
2290 2702 2347 2748 et

331 2766 424 2820 alii
458 2765 703 2835 plerique
738 2771 967 2820 utuntur
1000 2766 1069 2821 de
1160 2767 1348 2835 ymnis.
1412 2766 1628 2835 Quippe
1649 2764 1971 2820 vocabulum
1995 2763 2029 2816 ὅ
2071 2781 2132 2814 νο
2183 2763 2346 2817 latius

329 2839 541 2960 ζωὴ.
564 2841 622 2888 et
668 2849 994 2903 saemen
1130 2850 1232 2888 nus
1271 2837 1427 2899 emt&
1440 2833 1857 2914 'complectitun
1952 2831 2084 2911 .¹².d⁶
2119 2830 2255 2929 illud
2286 2831 2345 2884 in

407 2916 438 2956 e
471 2908 635 2956 trium
669 2902 1019 2971 Hymnorum‚
1055 2918 1109 2955 m
1283 2908 1401 2957 tum
1435 2908 1595 2958 istius
1628 2916 1794 2956 moris
1829 2904 1967 2955 vesti
2025 2915 2117 2953 um
2132 2940 2145 2952 .

528 2966 636 3023 Σοῦ
669 2971 719 3023 δ’
752 2971 865 3040 ἐγὼ
896 2970 1207 3041 ἀρξάμενος
1238 2972 1630 3041 μεταβήσομαι
1665 2967 1825 3022 ἄλλον
1862 2969 1921 3027 ἐς
1986 2985 2169 3031 μνον.-

469 3056 543 3125 ⁷⁹)
575 3055 666 3110 Ad
696 3056 922 3114 Hesiodi
940 3056 1160 3126 Theog,
1196 3073 1251 3126 p.
1289 3062 1374 3113 60.
1413 3057 1566 3113 Gonf.
1599 3053 1899 3111 Mitsoherl.
1935 3052 2006 3107 ad
2040 3052 2110 3105 H.
2145 3051 2202 3104 in
2226 3049 2344 3103 Cer.

330 3141 385 3194 p.
409 3128 523 3180 101.
560 3129 617 3179 et
640 3123 1251 3180 GroddeckComment.
1281 3126 1350 3181 de
1373 3126 1714 3194 Hymnorum
1735 3122 1893 3177 Hom.
1918 3118 2158 3189 reliquiis
2180 3133 2234 3186 p.
2259 3121 2343 3171 21.
2453 3165 2461 3172 .

471 3210 545 3277 ⁸⁰)
579 3209 763 3265 Instar
817 3210 1054 3265 omnium
1108 3211 1264 3266 nobis
1317 3217 1404 3266 est
1449 3210 1752 3266 auctoritas
1772 3205 1998 3261 -veteris
2049 3202 2343 3272 scriptoris,

334 3293 495 3347 quem
532 3278 803 3346 excerpsit
836 3277 1046 3333 Aelian.
1077 3277 1143 3335 V.
1177 3279 1249 3334 H.
1284 3278 1440 3349 XIII,
1486 3284 1565 3334 14.

471 3363 545 3433 ⁸1)
596 3362 750 3418 Conf.
794 3368 946 3422 recte
992 3367 1299 3420 monentem
1333 3362 1543 3418 Twinm
1587 3360 1696 3416 ‘um
1729 3360 1788 3414 in
1820 3358 1979 3414 Notis
2013 3354 2083 3409 ad
2115 3349 2342 3409 Aristot.

332 3431 485 3486 Poet.
522 3447 578 3500 p.
614 3434 734 3487 365.
803 3430 964 3488 Addo
1001 3430 1325 3486 simillimum
1361 3445 1560 3499 exemp
1707 3443 1795 3496 ap.
1812 3424 2075 3481 Herodot.
2099 3422 2173 3490 ll,
2212 3424 2345 3501 llo„

334 3498 430 3552 ubi
460 3499 523 3553 Il.
563 3500 607 3560 ζ’.
643 3502 760 3554 289.
772 3513 885 3568 sqq.
921 3499 1212 3554 laudantur
1247 3514 1317 3553 ex
1350 3499 1650 3569 Διομήδους
1684 3494 1954 3566 ἀριστείᾳ,
1988 3505 2096 3561 quo
2130 3504 2344 3545 nomme

388 3593 448 3636 W
458 3595 514 3635 ol
525 3594 565 3644 t,
590 3594 929 3644 prolegomena.
2012 3590 2039 3629 ὅ
