2734 4000
1250 248 1480 302 —130
1539 274 1606 284 —

431 395 565 455 dam
605 395 782 454 etiam
822 394 1125 469 praeclara
1154 394 1276 455 eius
1305 394 1571 468 afferunt,
1610 397 1823 470 partim
1849 395 2186 460 Aristarcho
2217 402 2277 455 et
2298 398 2434 456 reli-

430 472 557 545 quis
597 472 848 545 antiquis
902 471 1236 531 auctoribus
1287 474 1470 531 nostri
1509 478 1702 531 textus
1741 473 1989 548 probata
2002 518 2016 546 ‚
2066 475 2280 546 partim
2318 472 2434 534 for-

429 554 609 622 tasse,
649 566 742 608 me
768 549 1139 622 suffragante,
1178 548 1482 622 probanda
1506 550 1565 607 in
1584 557 1880 623 posterum
1893 550 1984 620 ⁸¹).
2047 551 2251 623 Neque
2281 552 2434 610 enim

326 644 407 686 212
431 626 574 685 nihil
597 631 687 685 est
705 627 765 683 in
790 626 926 699 illis,
953 625 1107 697 quod
1135 642 1207 691 ex
1227 627 1579 685 auctoritate
1609 627 1881 686 bonorum
1901 628 2177 686 librorum
2197 626 2435 687 fluxisse

327 721 404 763 21³
432 701 801 775 videam-⁸²),
858 709 924 760 ut
963 702 1155 774 potius
1196 702 1709 774 reprehendendus
1751 705 1855 776 sit,
1912 706 2171 776 quisquis
2210 705 2272 761 id
2313 705 2432 763 suis

640 837 705 891 Οἳ
741 839 798 890 δ’
821 836 1013 907 ’Ἄργος
1051 836 1194 908 εἶχον
1233 838 1296 889 τὸ
1337 833 1688 906 Πελασγικόν,
1725 837 1865 890 οδθα
1942 838 2201 908 ἀρούρης,

425 906 676 975 periisset
720 906 874 960 nobis
903 907 1170 972 peculiare
1206 906 1485 969 artificium
1524 906 1727 960 Clarkii
1764 915 1818 960 et
1907 908 2114 960 ominae
2151 906 2434 960 Daceriae.

433 1006 493 1016 -
533 974 640 1029 Sed
686 975 805 1043 quis
839 974 1002 1028 fidem
1035 973 1236 1027 habeat
1260 974 1379 1027 istis
1412 975 1705 1042 vocabuIiS,
1742 974 1834 1042 qui
1872 990 2033 1043 saepe
2072 974 2200 1028 alibi
2236 974 2435 1028 viderit

426 1043 526 1098 hos
562 1043 891 1098 Scholiastas
928 1042 1238 1096 Zenodotea
1279 1041 1427 1095 haud
1481 1042 1880 1097 dissimulanter
1929 1043 2143 1096 tradere
2180 1059 2248 1096 ex
2284 1043 2434 1095 audi-

426 1111 572 1167 tione
609 1119 665 1166 et
700 1111 845 1165 fama
879 1116 936 1164 et
971 1110 1297 1178 coniectura,
1332 1126 1442 1164 non
1476 1127 1544 1164 ex
1580 1113 1834 1179 inspectis
1868 1111 2017 1165 libris
2051 1111 2363 1166 veteribus?

563 1200 637 1265 81)
688 1196 826 1251 Vide
879 1196 948 1250 ad
1006 1216 1054 1248 a.
1097 1199 1209 1251 169.
1263 1195 1314 1260 β,
1353 1200 1472 1252 258.
1509 1201 1628 1252 448.
1683 1214 1733 1264 r.
1772 1198 1854 1252 57.
1896 1201 2007 1252 126.
2044 1201 2161 1253 259.
2220 1199 2276 1251 19.
2312 1201 2432 1251 304.

425 1286 482 1330 μ.
515 1272 636 1323 295.
696 1264 745 1325 ξ’.
782 1270 899 1320 285.
936 1269 1052 1319 322.
1089 1268 1207 1319 400.
1256 1283 1309 1318 π.
1352 1269 1465 1320 188.
1516 1268 1574 1331 ψ.
1611 1268 1729 1321 307.
1774 1271 1874 1325 etc,
1958 1266 2264 1334 Aliquoties
2314 1266 2434 1319 eius

426 1334 566 1390 ratio
606 1335 768 1389 etiam
805 1333 1117 1388 Scholiastis
1151 1333 1433 1402 laudatur,
1487 1340 1550 1389 ut
1582 1353 1634 1405 η.
1668 1338 1787 1388 428.
1825 1331 1872 1391 Ε.
1909 1337 2027 1388 229.
2064 1353 2113 1388 σ.
2161 1338 2272 1390 198,
2309 1338 2430 1390 499.

427 1409 530 1458 etc.
566 1403 669 1458 etsi
703 1409 905 1455 temere
941 1401 1226 1455 interdum.
1296 1401 1470 1468 Quam
1504 1417 1666 1470 saepe
1701 1401 2094 1469 Aristophanes
2128 1403 2276 1470 Byz.‚
2313 1408 2429 1456 tum

425 1472 482 1525 in
514 1470 851 1535 lectionibus»,
887 1476 1002 1523 tum
1036 1470 1092 1522 in
1128 1471 1447 1540 ἀθετήσεσι,
1484 1487 1604 1525 cum
1628 1471 1672 1524 Z
1722 1471 2068 1538 consenserit,
2105 1470 2286 1539 paullo
2304 1487 2432 1524 mox

423 1539 737 1594 videbimus·
805 1537 895 1592 Ex
933 1538 1000 1591 iis
1047 1545 1228 1593 autem
1264 1538 1584 1593 lectionibus
1616 1539 1673 1592 Z.
1688 1579 1703 1606 ‚
1749 1554 1883 1607 quas
1929 1555 2072 1592 nunc
2126 1539 2340 1593 tandem
2373 1540 2433 1592 in

425 1613 637 1662 textum
672 1606 937 1673 revocavi,
974 1607 1270 1674 quaerendi
1304 1607 1490 1662 labore
1522 1608 1700 1661 fessus
1734 1607 1925 1661 harum
1962 1612 2173 1661 tantum
2199 1612 2433 1675 quatuor

426 1676 673 1743 memini,
732 1693 782 1728 a.
820 1678 938 1730 260.
994 1692 1039 1726 ε.
1076 1676 1194 1730 227.
1243 1694 1298 1739 μ..
1337 1680 1457 1730 428.
1511 1697 1555 1729 ν.
1591 1680 1709 1730 423.
1756 1675 1895 1729 conf.
1931 1691 2055 1728 cum
2090 1677 2144 1728 θ.
2182 1680 2299 1730 334.
2337 1675 2434 1728 ubi

423 1748 608 1799 tacent
640 1743 943 1811 magistelli,
979 1743 1173 1813 quibus
1196 1743 1256 1797 Z.
1293 1749 1405 1797 tam
1442 1744 1699 1799 ridiculus
1736 1749 1824 1797 est
1848 1743 1918 1797 ad
1941 1745 2176 1811 priorem
2198 1759 2429 1798 versum.

563 1829 635 1896 82)
669 1828 825 1883 Talia
860 1834 986 1881 sunt
1020 1828 1246 1883 fortasse
1281 1829 1435 1897 haec,
1472 1836 1584 1898 aut,
1620 1830 1665 1882 si
1701 1845 1770 1882 ex
1805 1830 1996 1897 priscis
2020 1831 2204 1896 διττογ
2247 1829 2432 1896 αφίαις

425 1897 638 1952 delecta
684 1902 834 1965 sunt,
882 1902 1029 1953 certe
1074 1896 1222 1950 haud
1265 1899 1419 1965 pravi
1464 1898 1649 1952 iudicii
1701 1898 1993 1966 specimina
2026 1898 2204 1950 iudica
2240 1903 2429 1950 untur:

427 1965 484 2021 Α.
521 1970 605 2022 34.
645 1964 822 2038 ἀχέων
859 1981 912 2034 p.
937 1965 1080 2034 vulg.
1121 1966 1292 2019 ἀκέων
1333 1997 1396 2007 --
1434 1971 1517 2023 47.
1556 1966 1703 2019 νυκτὶ
1733 1966 1986 2026 ἐλυσθείς
2021 1983 2073 2034 p.
2098 1966 2240 2035 vulg.
2282 1966 2433 2018 νυκτὶ

426 2035 612 2096 ἐοικώς
646 2034 736 2102 (cf.
775 2035 846 2088 ad
879 2055 934 2098 μ.
968 2038 1111 2098 463.)
1146 2063 1213 2074 -
1247 2052 1297 2101 r.
1339 2039 1453 2090 152.
1491 2036 1709 2105 ὄένδρει
1745 2051 1797 2102 p.
1836 2035 2082 2105 δενδρέῳ
2123 2066 2182 2075 -—
2223 2036 2272 2089 ὃ.
2308 2039 2431 2090 339.

426 2103 633 2172 φαίδιμ’
668 2102 949 2171 Ὀδυσσεῦ,
1001 2102 1146 2170 quod
1181 2103 1274 2170 qui
1308 2103 1641 2172 improbant,
1685 2104 2022 2158 immemores
2057 2108 2213 2157 erant
2248 2119 2433 2156 versus

427 2189 479 2225 α.
520 2175 652 2240 122,
691 2178 787 2226 aut
820 2172 896 2225 ibi
931 2171 1041 2224 vim
1073 2187 1185 2225 voc.
1223 2171 1453 2224 κύδιστε·
1481 2172 1880 2240 pervertebant.
1940 2203 1982 2211 -
2024 2190 2069 2224 ε.
2105 2175 2221 2226 898.
2272 2172 2430 2240 ἐνέρ-

425 2257 593 2300 τατος
641 2270 703 2280 -
759 2242 816 2292 θ.
859 2243 971 2295 166.
1018 2240 1224 2304 πότμον
1270 2239 1463 2311 ἐφήσω
1507 2255 1559 2307 p.
1597 2240 1856 2293 inusitata
1891 2239 2149 2306 formula,
2199 2240 2434 2303 δαίμονα

427 2308 590 2361 δώσω
647 2338 708 2349 --
762 2327 793 2361 ι.
835 2312 947 2363 158.
986 2310 1175 2376 καμφῦῑ
1194 2309 1293 2362 ’τω
1357 2341 1410 2348 -
1462 2313 1581 2364 656.
1619 2308 1970 2376 ἐγκονέουσαι
2008 2339 2070 2349 —
2107 2312 2224 2363 660.
2268 2311 2432 2377 (664.)

433 2372 518 2447 Τῷ
551 2376 618 2428 δὲ
651 2378 792 2446 γυνὴ
828 2375 1135 2443 παρέλεκτο
1224 2376 1386 2446 αἐιρ’,
1421 2376 1485 2447 ἣν
1513 2376 1572 2429 Λ.
1608 2377 1727 2447 ἦγε,
1765 2376 1860 2430 ubi
1895 2376 2219 2430 Scholiastas
2254 2376 2434 2444 fugie-

424 2443 519 2498 bat
552 2443 780 2498 historia
816 2450 1007 2513 captae
1045 2444 1352 2515 chryseidis
1400 2464 1449 2497 a.
1486 2448 1601 2499 366.
1656 2475 1720 2484 —
1769 2445 1816 2499 λ.
1851 2449 1968 2499 840.
2018 2447 2136 2497 σεῖ’
2171 2444 2432 2514 ἀμελήσω

423 2541 489 2553 -
529 2530 576 2563 ν.
617 2514 731 2577 107,
770 2512 895 2572 ἑκὰς
929 2512 1112 2572 πόλιος
1151 2546 1212 2553 —-
1270 2516 1318 2576 ξ.
1356 2516 1443 2568 40.
1480 2513 1715 2583 ἑταίρων
1785 2544 1845 2552 —-
1911 2533 1961 2566 π.
2005 2516 2117 2568 156.
2156 2514 2333 2583 πάντῃ
2372 2528 2431 2580 p.

425 2580 635 2641 πάντας
670 2610 735 2621 -
772 2599 822 2633 σ.
860 2585 977 2636 565.
1001 2581 1071 2640 ,ἐς
1107 2582 1277 2653 αὐτήν
1320 2611 1380 2621 --
1430 2600 1480 2633 υ.
1524 2585 1638 2636 138.
1674 2578 1744 2649 ἄρ
1785 2600 1893 2652 ῃσι.
1944 2611 2010 2622 -·
2054 2581 2170 2635 Iam
2205 2580 2316 2646 fac,
2365 2596 2435 2635 ea

423 2646 493 2702 ad
539 2648 877 2703 Zenodotum
931 2655 1207 2705 auctorem
1253 2648 1472 2716 referri,
1533 2665 1671 2717 quae
1718 2649 1737 2701 i
1778 2666 1929 2704 orum
1975 2649 2094 2703 loco
2141 2648 2435 2703 substituta

423 2721 565 2784 sunt,
609 2731 805 2787 1101111οἺ
822 2717 1022 2785 statim,
1070 2718 1283 2786 ingrato
1317 2718 1532 2771 nomine
1568 2718 1762 2785 posito,
1812 2732 2038 2785 omnem,
2092 2734 2253 2787 quam
2289 2732 2435 2771 nunc

422 2784 641 2852 habent,
678 2785 908 2865 gratiam
940 2786 1317 2865 perdiderint?
1371 2787 1454 2839 Ac
1487 2785 1646 2854 plura
1680 2792 1862 2840 tamen
1895 2786 2118 2854 vulgata
2152 2803 2260 2840 non
2296 2785 2434 2839 anti-

462 2852 616 2906 uiora
651 2853 903 2907 videntur
936 2854 1003 2906 lis
1027 2853 1418 2920 GrammaticiS,
1456 2854 1548 2922 qui
1566 2854 1886 2908 Homericae
1923 2854 2182 2908 orationis
2205 2855 2436 2907 formam

425 2935 455 2973 e
478 2920 844 2988 egantioribus
879 2921 1089 2989 legibus
1125 2922 1543 3001 adstrinxerunt,
1580 2928 1652 2989 et,
1688 2921 1951 2991 quidquid
1982 2923 2068 2976 his
2104 2922 2437 2977 contrarium
2506 2953 2511 2957 ·

425 2995 585 3051 esset,
624 2988 811 3044 sedulo
848 2990 1242 3045 oblitterarunt.
1302 2990 1561 3046 Nonnihil
1594 2996 1777 3044 tamen
1811 2990 1950 3045 forte
1986 3006 2220 3059 casuque
2256 2990 2312 3043 in
2345 2989 2436 3045 his

425 3072 531 3125 quo
571 3072 639 3110 ue
691 3058 853 3112 rebus
905 3058 1151 3113 relictum
1186 3065 1296 3127 est,
1342 3058 1488 3128 quod
1568 3059 1856 3113 subtractis
1889 3059 2135 3127 pluribus
2171 3058 2436 3137 exemplis

425 3124 542 3178 eius
582 3141 665 3179 em
701 3126 921 3192 formae,
958 3128 1330 3197 perantiquam
1364 3098 1609 3181 fraudem
1642 3127 1926 3195 proderet,
1985 3143 2148 3195 quum
2182 3127 2239 3180 id
2272 3142 2435 3180 mira-

425 3199 616 3247 rentur
659 3200 852 3262 postea
885 3194 1098 3264 critici,
1147 3202 1203 3248 et
1246 3196 1396 3251 varie
1441 3201 1719 3249 vexarent.
1803 3194 1880 3250 Ut
1932 3195 2065 3249 illud
2096 3194 2250 3249 Ἰλιον
2300 3196 2437 3248 αἰπύ

427 3279 473 3316 o.
497 3262 581 3317 71.
620 3263 771 3316 cuius
806 3278 971 3316 causa
1006 3264 1208 3317 centies
1244 3264 1393 3332 dipla
1425 3263 1604 3332 posita
1637 3269 1722 3318 est
1754 3264 1811 3318 in
1846 3263 2087 3332 scholiis,
2123 3270 2185 3318 ut
2219 3266 2437 3317 unicum

424 3329 631 3383 scilicet
677 3334 960 3397 exemplum
1007 3332 1250 3386 neutrius
1286 3332 1499 3400 generis
1532 3331 1588 3384 in
1623 3331 1715 3386 illo
1751 3332 1963 3387 nomine
2000 3333 2175 3389 locum
2208 3347 2434 3400 suspec-

422 3396 617 3451 tiorem
653 3397 874 3452 faceret.
945 3398 1052 3453 Sed
1087 3413 1158 3454 ex
1189 3400 1467 3454 Zenodoto
1490 3399 1656 3453 etiam
1690 3399 1783 3454 alii
1806 3400 1912 3454 duo
1946 3416 2134 3455 versus
2156 3406 2435 3471 notantur,

425 3462 521 3518 ubi
554 3464 690 3533 legit
709 3463 866 3518 Ἴλιον
905 3466 1052 3531 αἰπύ,
1088 3486 1145 3520 π.
1180 3472 1265 3523 92.
1302 3486 1355 3522 σ.
1394 3469 1507 3524 174.
