2734 4000
1113 286 1340 346 -177
1399 317 1475 329 -

301 443 534 502 minime
574 442 808 501 dubium
849 446 958 513 est,
998 441 1109 500 etsi
1147 442 1206 498 in
1244 439 1490 499 Psalmis
1532 444 1592 498 et
1628 439 1689 497 in
1714 438 2020 512 Prophetis
2061 440 2288 512 quibus·

301 521 433 580 dam
474 520 800 592 antiquiora
828 525 888 577 et
926 518 1251 578 recentiora
1277 515 1547 576 Carmina
1580 521 1755 589 atque
1782 516 2054 576 vaticinia
2079 516 2291 577 diversi

301 597 530 671 generis
580 594 817 656 confusa
862 594 1160 655 fortuitam
1213 594 1408 667 potius
1449 610 1619 666 quam
1657 591 2024 654 artificiosam
2063 610 2290 669 compa-

302 675 493 747 ginem
541 673 808 748 produnt.
882 671 1146 731 Alterum
1195 689 1308 745 quo
1357 686 1571 743 magna
1610 669 1924 730 similitudo
1960 670 2162 730 horum
2201 688 2290 731 sa-

301 768 525 810 crorum
575 751 919 810 voluminum
971 756 1030 808 et
1068 749 1306 809 Homeri
1357 749 1637 818 cernitur,
1688 745 1920 807 fortuna
1980 754 2071 808 est
2108 749 2289 823 ipsius

301 833 509 887 textus.
600 827 750 886 Nam
812 843 984 900 quum
1025 826 1278 921 primum
1330 826 1739 898 colligerentur
1789 825 1892 883 illa
1942 841 2055 885 non
2101 826 2293 900 potuit

300 921 416 964 una
463 911 523 965 et
574 909 839 965 constans
887 900 1204 981 παραδοσις
1254 919 1383 961 esse
1423 907 1641 973 textus,
1695 907 1855 961 certe
1891 918 2004 962 non
2044 903 2104 959 in
2144 903 2290 961 anti-

302 981 597 1055 quioribus
643 981 923 1057 partibus.
1013 979 1256 1052 [Tamen
1297 978 1423 1051 jam
1461 978 1979 1039 Alexandrinorum
2030 984 2291 1054 tempore

300 1057 423 1119 fere
476 1059 712 1132 vulgata
761 1057 1044 1131 quaedam
1100 1056 1287 1118 forma
1343 1055 1624 1130 inducta]
1710 1055 2086 1115 Alexandrini
2143 1057 2293 1115 enim

301 1137 648 1210 interpretes
684 1135 961 1196 nonnulla
1000 1150 1071 1194 ex
1109 1135 1227 1194 alia
1264 1150 1435 1206 quam
1474 1148 1623 1206 quae
1659 1132 1834 1194 hodie
1873 1131 2057 1193 fertur
2093 1148 2293 1192 recen-

300 1214 461 1273 sione
499 1213 852 1273 convertisse
877 1216 1119 1272 constat.
1186 1211 1295 1270 His
1322 1216 1518 1270 autem
1555 1210 1699 1284 ipsis
1729 1210 1954 1269 Christo
1991 1215 2135 1270 nato
2160 1226 2293 1283 pro-

302 1289 558 1364 pioribus
597 1289 845 1350 saeculis
893 1288 1111 1362 aliquid
1148 1304 1332 1348 novae
1372 1304 1598 1361 op-eme
1625 1292 1912 1355 navatum„
1939 1302 2066 1349 esse
2106 1286 2289 1346 credi-

301 1367 420 1427 bile
462 1365 554 1440 fit,
609 1368 730 1427 sive
780 1382 846 1426 re
886 1366 962 1425 ad
1000 1365 1060 1424 id
1100 1365 1379 1438 ducente,
1438 1382 1544 1424 seu
1584 1381 1654 1423 ex
1694 1364 1957 1423 Graecae
1995 1364 2293 1424 doctrinae

302 1443 687 1506 aemulatione
725 1442 973 1517 quadam
993 1442 1067 1516 88)
1131 1443 1379 1519 [quanta
1427 1443 1487 1499 in
1543 1440 1764 1500 Iudaea
1819 1441 2052 1513 ingenia
2110 1441 2292 1515 cadit]

302 1538 410 1596 per
460 1537 629 1592 quam
670 1521 799 1581 alia
849 1521 1023 1579 etiam
1075 1520 1135 1578 in
1185 1519 1505 1579 Bibliorum
1564 1518 1969 1579 tractationem
1988 1517 2062 1591 ³⁹)
2123 1524 2184 1578 et
2233 1518 2293 1575 in

302 1600 487 1673 ipsam
534 1598 870 1671 religionem
922 1595 1306 1657 Christianam
1361 1595 1648 1655 translata
1710 1600 1858 1655 sunt.
1953 1593 2125 1655 Certe
2185 1597 2295 1654 tal-

217 1696 225 1711 ¹
303 1674 568 1735 mudicae
607 1676 853 1749 vestigia
891 1675 1126 1733 criticae
1154 1679 1385 1733 exstant
1411 1671 1694 1746 ejusmodi
1719 1677 1786 1731 ut
1812 1671 2098 1733 doctiores
2126 1688 2294 1745 quos·

307 1752 440 1812 dam
467 1752 525 1811 in
563 1752 870 1813 lectionum
911 1752 1196 1811 variarum
1238 1750 1469 1810 delectu
1506 1750 1622 1808 iam
1660 1749 1955 1822 aliquanto
1994 1754 2128 1809 ante
2166 1749 2295 1808 Ma-

303 1846 494 1890 soram
543 1829 833 1890 conditam
881 1834 1141 1888 versatos
1191 1844 1320 1887 esse
1359 1833 1646 1901 oporteat.
1710 1826 1847 1901 Ipsa
1885 1842 2023 1887 vero
2056 1826 2294 1887 Masora

304 1923 477 1979 quum
504 1907 773 1980 congerie
812 1906 1097 1966 variarum
1139 1906 1460 1979 glossarum
1500 1911 1560 1964 et
1597 1904 1955 1964 notationum
1982 1909 2205 1965 constet
2216 1901 2291 1976 4⁰)

301 1983 458 2044 haud
486 1983 658 2045 dubie
675 1985 871 2060 plures
898 1983 1076 2045 habet
1100 1982 1454 2057 antiquiores
1479 1982 1805 2043 notationes
1833 1997 2073 2054 quarum
2099 1986 2292 2042 tamen
2349 2013 2360 2020 -

303 2069 567 2122 auctores
607 2063 800 2123 omissi
848 2067 1031 2123 totam
1067 2078 1190 2120 rem
1229 2061 1697 2121 obscuraverunt.
1774 2059 2061 2120 Maturius
2101 2064 2295 2119 tamen

302 2139 560 2199 Hebraei
592 2157 762 2213 quam
791 2138 997 2200 Graeci
1038 2139 1334 2198 desierunt
1369 2153 1548 2198 novas
1573 2136 1849 2197 lectiones
1876 2136 2205 2209 excogitare
2235 2141 2296 2195 et

304 2216 472 2275 simul
498 2215 789 2275 inductam
812 2214 1127 2294 παράδοσιν
1154 2214 1298 2287 et41)
1327 2220 1529 2288 aperte
1556 2214 1817 2273 vitiatam
1825 2211 1900 2287 4²)
1928 2229 2295 2274 consecrave-

303 2299 456 2353 runt.
556 2293 756 2367 Longe
822 2311 961 2367 ergo
1026 2294 1274 2352 maxima
1337 2308 1476 2365 pars
1541 2291 1808 2351 vitiorum
1869 2307 2018 2364 quae
2068 2306 2294 2350 sacrum

305 2375 525 2430 textum
563 2376 933 2446 corrumpunt
942 2368 1019 2443 43)
1039 2370 1163 2443 Jam
1204 2368 1615 2441 antiquissimis
1644 2368 1998 2442 temporibus
2027 2372 2167 2427 nata
2187 2373 2293 2441 est,

272 2505 285 2514 ,
305 2463 480 2520 quum
516 2448 575 2505 in
613 2448 772 2506 illum
810 2465 924 2509 non
962 2448 1147 2507 minus
1187 2448 1298 2507 sibi
1335 2448 1513 2506 licere
1553 2451 1831 2520 putarent
1867 2445 1906 2504 J
1908 2444 2081 2505 udaei
2120 2461 2290 2518 quam

306 2526 366 2583 in
404 2526 657 2597 quemvis
695 2526 1003 2585 humanum
1039 2525 1248 2584 librum
1286 2531 1561 2584 veterem.
1640 2522 1783 2583 Sero
1824 2523 1975 2582 enim
2011 2522 2107 2582 hic
2132 2539 2294 2584 error

305 2602 588 2662 succrevit
624 2603 723 2675 qui
762 2604 988 2676 singula
1025 2602 1202 2662 verba
1238 2601 1615 2677 scriptoribus
1651 2600 1767 2658 illis
1808 2600 1973 2673 quasi
2012 2599 2231 2660 dictata
2255 2616 2294 2661 a

304 2680 534 2738 numine
584 2678 855 2753 fingeret3
917 2679 1119 2756 [neque
1157 2680 1217 2738 in
1256 2696 1384 2739 eam
1423 2676 1831 2752 opinionemss)
1872 2677 2171 2750 quisquam
2210 2679 2292 2736 in-

307 2754 502 2815 cidere
539 2762 796 2830 poterat,
822 2757 1120 2831 quamdiu]
1163 2758 1306 2816 satis
1358 2753 1712 2826 obstabat45)
1754 2754 2060 2814 diversitas
2099 2760 2291 2813 textus

306 2833 565 2907 pluribus
603 2834 743 2894 locis
782 2833 1100 2906 traditam).
1161 2833 1331 2893 Adde
1372 2831 1524 2905 quod
1565 2831 1738 2891 etiam
1763 2838 1968 2906 postea
2004 2832 2205 2891 eadem
2232 2832 2292 2890 in

306 2911 540 2969 licentia
579 2912 794 2971 versati
832 2916 966 2970 sunt
1004 2911 1159 2972 docti
1194 2911 1453 2971 homines
1479 2909 1539 2967 in
1565 2908 2034 2970 translationibus
2061 2909 2290 2968 Veteris

308 2988 663 3047 Testamenti
686 2987 1051 3061 refingendis‚
1093 2987 1298 3060 quibus
1324 2993 1519 3047 tamen
1555 3003 1668 3047 non
1706 2986 1981 3047 minorem
2019 3001 2200 3061 prope
2210 2984 2289 3059 4⁷)

311 3081 481 3137 quam
532 3065 816 3126 Hebraeis
867 3065 1041 3125 textis
1091 3065 1449 3124 divinitatem
1498 3062 1835 3123 tribuerent.
1901 3063 2064 3123 Haec
2102 3063 2293 3124 omnia

307 3143 604 3222 reputanti
627 3144 781 3204 visus
803 3149 894 3203 est
911 3158 1076 3203 sacer
1102 3148 1296 3202 textus
1314 3140 1739 3203 Masorethicus
1752 3140 1828 3214 4⁸)
1856 3140 1971 3201 iam
2000 3145 2135 3202 ante
2158 3139 2288 3201 Chr.

447 3321 520 3385 ⁸⁸)
564 3321 876 3378 imitatione.
1080 3321 1151 3391 ³9)
1199 3320 1560 3377 traditionem.
1762 3324 1835 3391 4⁰)
1876 3319 2084 3377 offerat.

309 3391 383 3458 41)
427 3389 527 3444 vel.
729 3391 802 3458 42)
853 3388 1057 3445 falsam.
1258 3391 1332 3460 4³)
1378 3389 1572 3460 quibus
1606 3405 1757 3447 sacer
1789 3395 1971 3447 textus
2004 3393 2287 3459 corruptus

312 3462 411 3512 est.
629 3459 702 3528 44)
753 3473 1002 3515 errorem.
1213 3460 1287 3529 45)
1332 3458 1672 3527 impediebat.
1875 3461 1948 3530 48)
1990 3457 2285 3522 manifesta,

311 3527 384 3596 4⁷)
417 3540 618 3596 parem.
818 3529 892 3596 48)
926 3531 1121 3584 noster.
