2734 4000
1176 288 1248 301 ·-
1306 262 1533 317 136—

248 417 329 461 ”1
352 426 462 473 nec
484 411 741 472 rationes
766 409 1095 483 traduntur,
1117 426 1262 483 quas
1282 409 1409 484 ipse
1431 411 1710 471 attulerat
1728 409 1789 468 in
1810 409 2247 472 Commentariis
2258 409 2358 485 ⁹⁸),

351 504 543 562 neque
577 485 789 560 fontes,
827 487 982 546 uude
1022 504 1123 547 eas
1161 487 1376 560 hausit,
1428 493 1704 561 quantum
1745 488 1800 546 ei
1839 488 1962 546 sive
2000 488 2194 547 meriti
2231 488 2356 546 sive

351 566 560 640 culpae
599 564 1011 639 assignandum
1037 564 1132 638 sit,
1171 564 1511 637 plerumque
1541 563 1957 624 incertissimus
1982 564 2228 623 haereas
2252 580 2359 624 ne-

351 657 516 703 cesse
556 647 665 701 est.
742 641 824 701 At
861 641 1009 700 illud
1048 640 1216 701 nobis
1242 639 1415 700 facile
1441 642 1766 715 largientur
1792 641 1968 714 docti,
2008 642 2159 700 utin
2185 642 2358 701 huius
2396 688 2438 721 a

351 734 581 792 quoque
616 718 970 778 recensionis
1009 716 1350 791 fragmentis
1391 719 1670 792 pleraque
1710 717 1788 778 ad
1824 715 2140 796 παράδοσιν
2179 734 2360 791 quau-

350 794 484 854 dam
510 800 573 856 et
598 796 944 871 scripturam
969 800 1092 854 tum
1111 796 1408 869 vulgatam
1432 793 1771 868 referamus,
1790 795 2136 868 praesertim
2157 797 2362 869 inepta

350 872 470 946 illa,
507 888 659 946 quae
696 889 825 933 cum
850 872 1148 932 Zenodoto
1190 878 1252 932 et
1287 873 1418 931 aliis
1459 872 1880 945 antiquioribus
1908 873 2230 932 communia
2254 873 2359 931 ha·
2402 925 2412 939 ,

247 952 325 995 ¹²²
347 948 494 1022 buit,
532 964 723 1022 neque
760 948 943 1022 igitur
980 950 1200 1022 primus
1240 948 1556 1009 adscivisse
1595 949 1791 1022 putari
1816 954 2012 1023 potest
2020 948 2115 1021 ⁹⁷).
2170 949 2240 1008 In
2263 949 2358 1008 his

350 1041 493 1099 ergo
529 1042 646 1086 non
684 1032 803 1085 tam
843 1026 989 1084 illud
1028 1031 1213 1100 patet,
1263 1026 1405 1099 quid
1445 1026 1710 1099 probarit
1747 1026 1873 1101 ipse
1913 1030 2018 1085 aut
2056 1031 2233 1100 poeta
2271 1024 2360 1084 ai-

350 1102 688 1176 gnissimum
706 1102 999 1175 iudicarit,
1026 1119 1199 1176 quam
1224 1102 1365 1175 quid
1390 1119 1506 1163 non
1533 1101 1893 1178 improbarit,
1920 1103 2063 1175 quid
2087 1104 2214 1163 loco
2241 1119 2359 1163 non

346 1180 609 1239 moverit.
674 1180 743 1239 In
792 1180 1006 1239 ceteris
1048 1186 1273 1253 autem,
1313 1180 1375 1238 in
1414 1180 1623 1252 quibus
1651 1181 1810 1238 nulla
1837 1180 2132 1252 antiquior
2155 1185 2357 1240 aucto—

345 1256 492 1315 ritas
532 1255 787 1326 affertur,
829 1257 1066 1316 tametsi
1103 1257 1401 1330 Excerpta
1420 1257 1782 1317 Scholiorum
1820 1256 1977 1330 apud
2003 1273 2094 1315 me
2121 1256 2357 1329 quidem

345 1333 579 1392 minime
617 1333 836 1394 habent
871 1333 1023 1392 hanc
1060 1332 1249 1407 fidem,
1310 1339 1378 1393 ut
1417 1350 1489 1393 ea
1527 1334 1602 1392 ad
1643 1334 2006 1406 diligentiam
2045 1340 2356 1392 accuratae

344 1411 626 1470 orationis
664 1411 1041 1485 interpretari
1079 1416 1183 1470 aut
1209 1426 1282 1470 ex
1306 1411 1511 1483 quovis
1536 1411 1768 1470 silentio
1790 1410 2012 1483 aliquid
2037 1406 2355 1470 extundere

348 1485 621 1559 audeam3
662 1487 768 1546 sed
806 1488 867 1545 in
907 1487 1117 1546 ceteris
1146 1492 1358 1562 tamen,
1400 1502 1550 1560 quae
1575 1487 1958 1562 Aristophani
1984 1488 2218 1561 proprie
2248 1488 2353 1545 tri-

342 1562 620 1635 buuntur,
656 1563 933 1623 maiorem
960 1563 1281 1623 doctrinam
1308 1570 1371 1624 et
1398 1564 1744 1624 modestiam
1768 1562 1940 1623 facile
1969 1564 2349 1637 agnoscimus.

344 1639 434 1698 Ac
470 1641 842 1714 reperiuntur
878 1641 939 1698 in
980 1657 1050 1702 eo
1089 1658 1330 1702 numero
1367 1642 1567 1717 plura,
1623 1658 1772 1714 quae
1813 1644 2028 1715 partim
2065 1658 2179 1701 non
2217 1640 2353 1699 reii-

349 1716 559 1776 cienda
595 1716 938 1778 Aristarcho
978 1718 1106 1777 visa
1146 1720 1279 1792 sint,
1319 1719 1553 1792 partim,
1594 1719 1687 1777 vel
1726 1719 1907 1779 invito
1933 1719 2062 1791 hoc,
2103 1717 2176 1776 ab
2205 1718 2355 1776 inse-

346 1944 482 2001 dunt
516 1945 897 2010 Callistratum,
933 1945 1313 2016 Aristophanis
1346 1946 1687 2017 discipulum.
1755 1946 1862 2003 Hic
1895 1945 1915 2001 i
1956 1946 2063 2002 ‘tur
2097 1945 2358 2002 lectiones

343 2015 589 2083 magistri
623 2016 706 2070 sui
740 2015 828 2071 vel
864 2015 981 2085 ipse
1017 2022 1303 2085 receperat
1338 2016 1396 2070 in
1431 2022 1671 2085 textum,
1717 2017 1804 2071 vel
1840 2018 1897 2070 in
1951 2014 2078 2070 ‘bris
2115 2015 2256 2080 suis,
2293 2015 2352 2066 ἐν

344 2087 425 2153 τῷ
459 2101 529 2135 πε
572 2084 589 2136 ὶ
624 2081 863 2146 Ἰλιάδος,
909 2084 968 2135 ἐν
1007 2085 1121 2144 τοῖς
1155 2084 1563 2153 διορθωταοῒς,
1612 2086 1671 2138 ἐν
1708 2088 1787 2157 τῷ
1836 2104 1875 2137 π
1947 2103 1975 2144 ς
2008 2085 2108 2145 τὰς
2143 2084 2341 2153 ἀθετή-

342 2168 459 2213 σεις
492 2153 514 2221 (
539 2193 550 2205 .
587 2159 775 2208 contra
809 2151 994 2208 obelos
1027 2152 1432 2217 Aristarcheos)
1469 2159 1731 2208 servarat.
1801 2152 1878 2207 Oa
1921 2152 1934 2164 ⁹
1965 2159 2166 2207 tratum
2199 2153 2344 2206 hunc

340 2233 528 2274 rursus
564 2221 833 2289 excerpsit
866 2220 1151 2300 Didymus-
1204 2219 1424 2290 Didymi
1467 2228 1651 2277 autem
1703 2237 1872 2291 opera
1904 2221 1960 2275 in
1996 2221 2145 2276 hisce
2182 2220 2348 2275 rebus

338 2286 571 2355 plurima
605 2288 848 2343 fruimur.
918 2287 1055 2342 Vule
1093 2306 1127 2344 a
1196 2289 1256 2355 β.
1296 2294 1411 2345 111.
1446 2294 1566 2346 435.
1605 2310 1652 2345 τ.
1686 2292 1771 2347 76.
1809 2291 1928 2345 327.
1965 2296 2067 2345 etc.

475 2374 549 2444 ⁹⁶)
586 2371 964 2443 Ὑπομνήματα
998 2374 1141 2429 enim
1177 2374 1447 2430 addidisse
1481 2376 1634 2431 illum
1667 2375 1972 2432 recensioni
1994 2391 2125 2430 suae
2139 2414 2154 2442 ‚
2214 2376 2349 2429 mul-

340 2448 426 2498 tas
460 2441 530 2497 ob
555 2455 746 2497 causas
768 2447 976 2496 certum
1002 2449 1100 2509 est,
1137 2443 1242 2498 etsi
1265 2458 1531 2512 nusquam
1558 2460 1625 2499 ea
1647 2444 1961 2498 nominatim
1984 2449 2356 2499 memorantur

340 2510 397 2565 in
431 2510 684 2578 scholiis,
730 2510 834 2564 nisi
879 2512 1020 2565 forte
1067 2511 1137 2567 ad
1170 2511 1228 2578 β.
1270 2515 1385 2567 133.
1433 2520 1489 2566 et
1583 2557 1594 2567 .
1637 2516 1749 2568 130.
1802 2511 1895 2566 ubi
1933 2513 2246 2582 ποιημάτων
2287 2512 2346 2565 in

341 2579 739 2648 ὑπομνημάτων
775 2578 1092 2634 mutandum
1128 2595 1245 2634 esse
1280 2586 1432 2635 recte
1467 2581 1522 2634 vi
1561 2582 1603 2635 it
1635 2580 1936 2636 Bredovius
1970 2595 2140 2634 meus.
2211 2579 2343 2634 Inde

339 2652 586 2715 sumptus
620 2651 720 2714 est,
754 2652 816 2701 ut
851 2647 1060 2715 opinor,
1094 2649 1244 2704 locus
1281 2648 1349 2702 de
1386 2665 1548 2704 versu
1583 2648 1857 2729 Odysseae
1892 2665 1980 2717 ap.
2014 2649 2215 2702 Athen.
2251 2646 2346 2700 VI.

339 2731 392 2784 p.
428 2718 543 2770 228.
582 2714 647 2769 D.
686 2720 744 2769 et
778 2715 874 2769 illa
909 2715 1169 2787 Porphyr.
1206 2716 1377 2783 Qffl.
1413 2723 1463 2773 8.
1500 2718 1556 2771 in
1592 2718 1791 2786 qulbus
1821 2718 1852 2769 ὁ
1885 2716 2172 2784 βέλτιστος
2199 2715 2346 2785 Ἀρι-

340 2783 618 2853 στοφάνης
640 2781 895 2839 laudatur
908 2785 1106 2854 ῥητῶς.
1159 2786 1243 2840 Ac
1262 2786 1593 2856 Porphyrius
1628 2786 1859 2840 fortasse
1896 2785 2146 2839 volumen
2183 2782 2355 2838 oculis

338 2857 721 2921 usurpaverat3
755 2858 814 2907 at
850 2852 1176 2909 Scholiastas
1210 2852 1345 2908 illud
1379 2870 1670 2924 usurpasse
1704 2870 1813 2909 non
1848 2851 2185 2908 crediderim.

473 2938 548 3008 9Ἰ)
582 2935 894 2993 Zenodotea
928 2944 1054 2992 suut
1074 2938 1228 3008 haec,
1266 2956 1295 2995 e
1324 2940 1520 3009 quibus
1544 2946 1725 2995 tamen
1749 2955 2026 3009 perpauca
2053 2954 2145 2994 eas
2164 2938 2352 2994 sordes

339 3004 514 3073 olent,
557 3021 693 3073 quas
735 3003 895 3061 modo
926 3005 1276 3063 ridebamus:
1323 3010 1421 3065 sed
1470 3010 1601 3064 satis
1650 3009 1761 3063 erit
1807 3024 2058 3064 numeros
2110 3022 2346 3076 ponere:

341 3073 401 3130 A.
422 3077 508 3131 91.
541 3075 597 3141 β.
624 3073 795 3130 catal.
820 3078 940 3130 sos.
977 3074 1145 3146 (vulg.
1169 3081 1313 3147 801.)
1346 3095 1398 3147 r.
1421 3079 1507 3134 5⁷.
1550 3081 1664 3134 126.
1703 3077 1896 3134 «2137.
1936 3078 1982 3137 ε.
2017 3080 2198 3145 ima).
2223 3078 2346 3131 452.

339 3144 397 3197 θ.
432 3147 549 3200 290.
588 3148 721 3204 304.
770 3162 801 3199 ι.
844 3147 956 3201 158.
1010 3162 1057 3196 κ.
1093 3148 1211 3200 306.
1266 3164 1323 3211 μ.
1359 3151 1447 3202 66.
1483 3148 1570 3202 79.
1609 3148 1725 3203 127.
1790 3164 1835 3200 ν.
1872 3150 1921 3202 2.
1958 3147 2043 3202 71.
2085 3148 2196 3200 107.
2231 3148 2356 3199 245.

342 3214 461 3267 246.
514 3216 633 3269 551.
687 3210 736 3271 Ξ.
774 3216 859 3269 36.
921 3213 1035 3268 177.
1089 3217 1209 3269 208.
1266 3219 1387 3271 229.
1444 3218 1566 3271 259.
1603 3218 1724 3271 276.
1762 3217 1882 3269 299.
1917 3218 2038 3270 310.
2073 3217 2193 3271 400.
2235 3214 2359 3267 412.

341 3285 462 3336 505.
500 3299 546 3334 ο.
585 3285 698 3337 139.
734 3284 854 3337 301.
892 3300 945 3334 π.
981 3284 1096 3336 223.
1140 3300 1191 3336 σ.
1231 3288 1347 3339 198.
1384 3288 1507 3339 400.
1543 3289 1670 3342 466.
1703 3286 1822 3339 502.
1859 3286 1916 3351 φ.
1955 3285 2073 3336 461.
2112 3311 2178 3323 -
2216 3279 2360 3335 Aliis

342 3352 378 3403 9
411 3347 545 3404 locis
577 3354 800 3404 notatur
832 3349 1213 3416 Aristophanis
1248 3367 1542 3408 consensus
1579 3368 1702 3407 cum
1737 3351 1945 3419 aliqua.
1956 3350 2109 3405 editt.
2145 3349 2361 3404 urbica-

348 3430 598 3538 ffingug.
621 3421 753 3537 ἓξ.
799 3421 920 3497 42:²-
943 3421 1095 3539 355}
1111 3423 1231 3543 523.
1268 3438 1329 3542 gt
1362 3424 1540 3555 311.ss
1574 3426 1663 3477 44.
1695 3439 1745 3477 v.
1781 3423 1866 3476 ss.
1901 3440 1950 3475 υ.
1992 3423 2106 3474 188.
2143 3438 2206 3472 ω.
2244 3421 2352 3484 8ο.,

764 3484 943 3539 Imm
1010 3522 1025 3551 2
1098 3527 1111 3542 ο
1218 3526 1233 3543 ο
1410 3526 1424 3541 ο
1521 3528 1535 3543 0
