2734 4000
1127 292 1485 352 ..97-

453 442 584 514 8611
617 443 953 517 priusquam
1005 445 1253 505 alterum
1306 447 1563 519 spatium
1611 444 1936 519 ingredior,
1990 446 2163 506 velim
2201 465 2308 521 pro
2337 459 2413 499 1³⁹

294 536 359 580 se
399 521 645 592 quisque
691 520 884 581 animo
926 522 1165 595 colligat
1203 524 1399 582 omnia
1414 567 1430 596 ,
1482 539 1632 596 quae
1684 523 1963 582 hactenus
2006 525 2306 598 explicavi,

292 597 613 656 retexendo
651 595 750 658 fila
786 599 1234 672 argumentandi
1278 616 1459 674 saepe
1499 600 1831 673 subtiliora,
1885 607 1951 659 ut
2005 608 2307 675 appareat,

295 674 439 746 quid
477 675 743 747 singulae
786 677 1043 736 rationes
1057 721 1073 750 ,
1122 677 1262 749 quid
1300 679 1605 737 universae
1660 678 1908 736 valeant.
1985 677 2118 737 Etsi
2158 680 2310 737 enim

294 751 356 809 in
397 751 608 809 iunctis
650 758 711 810 et
750 753 918 825 quasi
957 754 1314 827 conglobatis
1340 754 1723 828 probabilitas
1751 760 1859 827 est,
1905 754 2055 813 sicut
2088 756 2150 813 in
2183 756 2309 814 iun-

294 827 406 887 ctis
454 829 726 888 membris
776 831 1036 904 corporis
1073 831 1447 905 pulchritudo
1462 877 1478 905 ,
1518 838 1715 891 tamen
1753 832 1983 904 singula
2020 838 2312 892 momenta

291 921 401 978 per
450 921 514 964 se
566 911 800 980 oportet
848 924 977 967 eam
1027 909 1142 967 vim
1182 908 1402 968 habere
1420 953 1437 982 ,
1491 915 1559 967 ut
1608 908 1827 980 aliquid
1879 907 2101 967 addant
2137 910 2332 967 lanei.-

294 980 358 1041 Si
395 982 457 1039 in
493 984 780 1043 nonnullis
819 985 952 1058 plus
990 986 1171 1044 tribui
1211 985 1717 1058 verisimilitudini,
1770 1001 1942 1056 quam
1984 984 2190 1045 seve'ra'
2211 984 2332 1045 Iex*

289 1057 571 1117 historiae
609 1062 817 1134 poscit,
858 1078 973 1121 non
1014 1062 1075 1120 id
1114 1078 1248 1121 mea
1287 1063 1462 1136 culpa
1500 1061 1718 1122 factum
1759 1066 1868 1135 est,
1918 1062 2024 1121 sed
2063 1064 2310 1135 penuria

293 1136 551 1208 testium,
590 1153 832 1208 quorum
871 1154 946 1197 ne
984 1145 1210 1199 tantum
1251 1139 1489 1211 quidem
1517 1155 1818 1198 numerum
1850 1145 2221 1213 exspectares
2249 1140 2308 1198 in
2335 1149 2341 1155 '

291 1217 414 1271 tam
452 1214 705 1284 antiquis
747 1221 809 1274 et
845 1217 1072 1275 occulto
1095 1216 1496 1275 crescentibus
1524 1216 1726 1275 rebus:
1769 1221 1929 1275 certe
1958 1233 2068 1288 ego
2087 1217 2308 1274 nullum

291 1288 481 1348 locum
530 1293 746 1350 veteris
798 1294 1050 1352 auctoris
1108 1294 1297 1352 sciens
1354 1292 1576 1352 detorsi
1626 1294 1686 1350 in
1726 1293 1901 1351 aliam
1941 1294 2307 1364 sententiam,

293 1381 467 1438 quam
520 1383 670 1439 quae
718 1385 858 1428 vera
915 1375 976 1429 et
1025 1371 1279 1442 genuina
1340 1369 1643 1428 videretur
1691 1370 1817 1428 sine
1866 1370 1984 1429 ullo
2034 1376 2307 1443 respectu

290 1442 462 1501 huius
502 1445 877 1515 quaestionis.
960 1448 1146 1518 Quam
1196 1463 1321 1505 rem
1373 1444 1546 1505 facile
1584 1462 1676 1505 me
1716 1446 2096 1520 probaturum
2135 1463 2306 1520 spero

292 1519 481 1578 doctis
522 1522 803 1596 omnibuS,
849 1524 1025 1582 etiam
1064 1524 1157 1596 iis,
1200 1523 1409 1596 quibus
1450 1524 1656 1582 ductas
1698 1539 1770 1581 ex
1805 1523 1921 1581 illis
1960 1524 2104 1582 locis
2131 1525 2307 1583 ratio-

292 1597 612 1656 cinationes
660 1614 775 1658 non
833 1600 1093 1674 probabo
1108 1645 1124 1673 ,
1174 1602 1527 1674 praesertim
1576 1605 1930 1674 postremam
1968 1600 2141 1672 hanc,
2191 1617 2307 1672 qua

291 1671 526 1732 artificii
540 1718 556 1747 ,
607 1676 762 1747 quod
810 1682 1116 1751 tantopere
1182 1676 1570 1749 admirantur,
1633 1677 1877 1749 gloriam
1930 1677 2184 1736 Homero
2236 1693 2307 1735 ex

289 1755 460 1823 parte
500 1749 734 1811 auferre
775 1770 951 1813 ausus
992 1770 1135 1812 sum.
1201 1754 1331 1813 Hoc
1371 1754 1641 1812 nimirum
1679 1754 1989 1826 perpaucis
2031 1754 2145 1812 erit
2182 1770 2306 1813 cre-

290 1826 490 1900 dibile,
529 1826 724 1888 forsan
761 1847 836 1890 ne
875 1836 998 1890 tum
1039 1831 1291 1904 quidem,
1336 1847 1513 1902 quum
1555 1836 2026 1902 argumentorum
2052 1831 2303 1889 omnium

289 1904 549 1977 pondere
599 1906 932 1967 obruentur.
1020 1908 1088 1965 In
1138 1908 1231 1966 his
1286 1909 1441 1966 enim
1500 1923 1647 1980 opus
1690 1913 1782 1965 est
1821 1923 1995 1965 sensu
2033 1902 2302 1979 quodam,

290 1995 461 2053 quem
501 1982 605 2042 illa
640 2000 757 2043 non
795 1984 1059 2045 afferunt.
1125 1984 1278 2044 Mihi
1315 2002 1473 2058 vero,
1516 1985 1637 2044 sive
1663 1984 1921 2058 ipsorum
1949 1983 2303 2045 Graecorum

290 2059 413 2123 sive
455 2059 698 2119 aliarum
739 2063 999 2135 gentium
1037 2079 1387 2134 progressus
1429 2063 1678 2134 intueor,
1718 2060 1862 2120 illud
1900 2062 2133 2120 minime
2174 2078 2298 2120 cre·
2332 2087 2406 2126 160

290 2134 470 2194 dibile
498 2135 745 2212 videtur,
785 2138 940 2211 quod
967 2138 1209 2198 credere
1236 2140 1615 2211 assuevimuS,
1640 2139 1788 2197 haec
1812 2138 1958 2197 talia
1983 2137 2097 2198 duo
2124 2154 2304 2211 opera

288 2213 461 2271 unius
499 2214 717 2285 ingenii
755 2222 999 2290 repente
1041 2232 1113 2274 ex
1137 2216 1404 2275 tenebris
1435 2215 1846 2289 splendescere
1874 2221 1936 2274 et
1959 2215 2149 2275 nitore
2175 2231 2304 2289 par·

289 2289 433 2348 tium
475 2296 536 2349 et
571 2292 770 2351 multis
809 2293 1150 2364 magnisque
1190 2293 1506 2352 virtutibus
1548 2308 1805 2352 summae
1844 2298 2185 2366 perpetuae.
2281 2319 2287 2325 ·

1109 2503 1476 2579 XXXVI.

446 2678 637 2732 Altera
676 2686 828 2733 aetas
866 2693 904 2734 a
939 2676 1314 2733 Pisistratidie
1352 2674 1430 2734 ad
1459 2676 1791 2731 Zenodotum
1817 2690 1932 2734 non
1956 2675 2138 2733 multo
2166 2675 2297 2748 plus

288 2751 436 2810 lucis
474 2752 653 2811 habet
691 2770 864 2825 quam
903 2754 1007 2812 illa
1045 2753 1248 2826 prima.
1334 2751 1505 2824 Quod
1546 2751 1712 2810 nobis
1757 2756 1846 2809 est
1885 2750 2057 2826 valde
2098 2751 2296 2811 dolen-

290 2828 445 2901 dum,
487 2831 755 2900 quoniam
794 2831 854 2888 in
895 2847 967 2889 ea
1005 2830 1259 2902 origines
1301 2827 1677 2900 quaerendae
1719 2833 1854 2886 sunt
1893 2828 2075 2886 omnis
2115 2829 2295 2886 inter-

288 2907 634 2978 pretationis
649 2952 664 2979 ,
716 2922 866 2979 quae
915 2906 1147 2978 quidem
1201 2905 1357 2979 apud
1411 2910 1638 2964 veteres
1691 2905 1751 2962 in
1790 2921 1901 2962 usu
1938 2902 2064 2962 fuit.
2145 2905 2297 2962 Nam

291 2987 602 3055 antequam
650 3000 779 3042 eam
826 2982 1208 3043 refertissima
1262 2982 1478 3041 litteris
1529 2986 1696 3040 aetas
1747 2981 1966 3039 maiore
2006 2987 2295 3055 apparatu

290 3059 761 3132 aggrediebatur,
802 3060 1156 3134 Philosophi,
1209 3060 1522 3133 Sophistae
1566 3064 1626 3116 et
1664 3058 1763 3116 alii
1801 3057 2129 3117 liberaliter
2167 3073 2296 3116 eru-

288 3245 574 3313 vestigium
610 3246 754 3300 illius
788 3247 1106 3316 suspicionis
1141 3248 1310 3301 lateat
1343 3246 1401 3301 in
1436 3245 1684 3300 mutilato
1720 3246 1837 3301 loco
1860 3244 2020 3299 Vitae
2054 3245 2294 3313 Homeri,

326 3328 428 3368 uae
482 3330 517 3368 a
553 3314 850 3383 Tychsenio
897 3316 1201 3370 accuratius
1246 3331 1409 3382 quam
1456 3320 1619 3369 antea
1653 3314 1800 3368 edita
1835 3321 1919 3367 est
1952 3312 2009 3365 in
2044 3313 2292 3381 Append.

339 3396 445 3436 asc,
479 3382 522 3435 1.
556 3381 694 3436 Bibl.
733 3382 1006 3451 Goetting.
1041 3399 1096 3451 p.
1129 3389 1234 3438 11.:
1273 3381 1323 3436 Γ
1316 3384 1379 3451 ἐγ
1421 3401 1530 3451 αφε
1565 3384 1810 3453 ποιήσεις
1837 3381 1955 3449 δύο,
1989 3377 2183 3432 Ἰλιάδα
2204 3380 2294 3433 καὶ

284 3448 627 3504 Ὀδύσσειαν·
677 3448 860 3504 Ξένων
915 3452 1004 3504 καὶ
1029 3451 1328 3512 Ἑλλάνικος
1401 3456 1688 3522 φαιροῢσιν
1727 3452 1913 3504 αὐτοῦ.
1992 3448 2289 3519 [Thiersch.

287 3519 413 3574 Act.
448 3518 663 3574 Monac.
697 3523 746 3573 2.
782 3535 835 3587 p.
870 3521 1015 3590 578]

341 3613 516 3663 Wolf,
541 3614 879 3664 prolegomena.
1959 3615 1983 3654 7
