2734 4000
1063 271 1134 280 —
1194 241 1413 301 157-

243 392 400 466 pulo,
452 392 812 464 quantumvis
854 399 1023 452 acuto
1039 438 1054 465 ‚
1105 395 1446 466 contingere
1491 411 1605 454 non
1644 395 1832 453 solere
1872 395 2233 455 coniunctam

242 469 444 527 iudicii
482 469 862 529 subtilitatem
901 487 1031 530 cum
1070 471 1263 529 divina
1298 472 1517 544 ingenii
1555 472 1612 530 vi
1651 488 1720 530 ac
1758 471 2069 546 spiritu40),
2110 474 2233 533 ubi-

244 562 355 618 que
394 553 558 605 vates
597 546 776 606 fuisse
814 549 1143 620 ingeniosos
1184 555 1318 607 ante
1359 555 1545 607 artem
1573 549 1865 607 sollertius
1892 551 2233 623 permitam,

243 629 419 695 atque
468 624 616 683 adeo
665 625 973 697 plurimum
1028 625 1304 698 polluisse
1354 627 1480 683 sine
1532 626 1649 684 illa.
1729 626 1877 685 Nolo
1918 626 2233 686 Homerum

242 701 281 758 i.
323 716 374 759 e.
415 702 654 773 antiqua
681 701 947 760 Carmina
983 703 1185 762 Ionum
1224 719 1561 776 comparare
1604 720 1732 761 cum
1759 703 1990 762 Ossiani
2018 703 2234 763 Carmi-

241 777 408 836 nibus
450 777 710 851 CelticiS,
760 795 909 851 quae
957 785 1153 838 tamen
1198 796 1306 838 nec
1351 780 1518 837 unius
1567 780 1780 839 aetatis
1826 781 1943 839 'nec
1982 782 2234 853 genuina

239 855 405 916 nobis
458 855 677 914 tradita
726 872 854 915 esse
911 863 1080 929 puto:
1162 856 1269 915 sed
1318 857 1391 914 de
1431 857 1665 917 Ariosto
1708 864 1768 916 et
1808 857 2232 930 Shakespeario

240 948 408 991 nemo
449 933 534 991 ita
573 934 838 1006 senserit,
878 940 944 991 ut
981 949 1081 993 eos
1123 951 1251 993 cum
1289 935 1523 1006 ingenio
1565 940 1625 993 et
1664 940 1791 992 arte
1819 934 2057 993 Homeri
2085 952 2235 994 com-

238 1009 551 1082 parandos·
572 1016 763 1081 neget.
841 1016 922 1068 At
959 1028 1144 1070 nonne
1185 1012 1245 1069 in
1283 1012 1373 1069 his
1412 1012 1594 1071 multa
1634 1017 1784 1083 sunt,
1825 1027 1973 1083 quae
2000 1012 2234 1071 Lessin-

242 1086 400 1159 giuS‚
451 1085 821 1160 WielanduS,
869 1087 1106 1146 Vossius
1165 1088 1443 1147 mutanda
1493 1095 1553 1146 et
1590 1087 1903 1164 reci-denda
1941 1096 2231 1161 putarent,

242 1163 292 1220 si
333 1164 592 1223 criticam
630 1162 822 1223 facere
849 1165 1064 1224 vellent
1103 1165 1177 1223 ad
1220 1165 1574 1224 Graecorum
1621 1166 1876 1225 morem?
1940 1166 2131 1238 Quid?
2184 1168 2233 1224 si

242 1239 501 1300 diversos
528 1241 754 1300 illorum
781 1246 1082 1315 poetarum
1110 1248 1169 1301 et
1193 1243 1590 1316 discrepantes
1618 1242 1847 1301 codices
1874 1242 2234 1316 haberemus,

239 1333 427 1376 nonne
477 1317 538 1375 id
589 1318 681 1375 vel
733 1335 1008 1378 summam
1060 1320 1402 1379 modestiam
1443 1321 1571 1378 aevi
1609 1320 1792 1379 nostri
1831 1320 1906 1377 ad
1948 1319 2228 1379 Graecam

240 1394 544 1455 audaciam
581 1396 893 1454 invitaret?
935 1396 1086 1468 Quid
1128 1397 1313 1455 adeo?
1355 1397 1408 1454 si
1435 1413 1467 1454 e
1494 1396 1855 1456 discordibus
1882 1397 2225 1456 testimoniis

240 1476 538 1530 cantorum
589 1478 649 1531 et
711 1473 1076 1533 librariorum
1113 1474 1485 1532 Aristarchus
1541 1490 1615 1532 ne
1663 1480 1936 1547 potuerat-
1975 1474 2223 1545 quidem,

241 1550 498 1620 quamvis
536 1550 829 1617 voluisset,
871 1567 1055 1623 eoque
1093 1552 1261 1608 unice
1306 1551 1558 1608 animum
1596 1550 1960 1623 intendisset,
2002 1567 2225 1624 germa-

238 1642 376 1682 num
416 1631 491 1697 et,
532 1633 597 1685 ut
635 1629 719 1685 ita
758 1626 963 1699 dicam,
1003 1628 1408 1700 primigenium
1448 1625 1640 1684 ἀοιδὸν
1681 1627 1989 1699 reducere3
2049 1644 2226 1700 quan-
2255 1658 2333 1697 25⁶

240 1702 564 1775 doquidem‚
618 1704 755 1776 quid
794 1704 947 1762 inter
983 1702 1135 1762 hunc
1176 1711 1236 1763 et
1290 1705 1587 1777 egregium
1626 1704 2000 1779 rhapsodum,
2051 1711 2224 1777 atque

237 1796 455 1851 rursuS,
497 1780 632 1852 quid
671 1782 824 1839 inter
860 1781 1212 1855 rhapsodum
1253 1782 1532 1841 mediocri
1569 1782 1799 1855 ingenio
1827 1787 1888 1840 et
1912 1781 2224 1841 Homerum
2449 1839 2470 1859 r

239 1857 642 1915 dormitantem
693 1858 937 1917 subinde
991 1867 1050 1917 et
1102 1876 1204 1918 suo
1256 1859 1589 1917 abutentem
1628 1860 1859 1931 ingenio
1898 1860 2225 1932 interesset,
2245 1882 2337 1914 m
2381 1844 2478 1905 4⁴--

239 1934 400 1991 nulla
437 1934 678 1993 hominis
719 1936 1040 2008 sagacitate
1080 1936 1341 2009 dignosci
1381 1936 1588 2010 potuit.

398 2012 492 2071 Sic
533 2014 780 2086 denique
821 2020 1095 2088 apparet,
1151 2030 1321 2087 quam
1372 2030 1585 2088 anceps
1628 2014 1878 2074 conditio
1929 2016 2018 2072 rei
2056 2013 2232 2073 fuerit

240 2094 383 2157 tum,
424 2106 595 2161 quum
621 2090 989 2150 Aristarchus
1016 2092 1269 2154 Homero
1310 2107 1585 2149 summam
1624 2107 1855 2150 manum
1892 2092 2229 2164 imponeret.

234 2165 525 2224 Videlicet
569 2168 722 2225 huno
773 2166 1046 2227 criticum
1097 2171 1390 2224 absolvisse
1449 2172 1656 2223 demum
1718 2171 1857 2224 hanc
1906 2173 2138 2240 politam
2183 2178 2231 2223 et

232 2242 987 2323 concinnamsscaoxevhv
1025 2240 1342 2323 Ὁμηρικήν,
1392 2248 1451 2300 in
1491 2264 1600 2315 qua
1637 2265 1729 2300 nec
1766 2248 1995 2301 medium
2027 2248 2228 2318 prium,

231 2335 328 2374 nec
373 2323 542 2375 imum
597 2324 865 2392 discrepat
915 2325 1115 2394 medio,
1172 2322 1529 2394 eundemque
1577 2318 1826 2380 fortasse
1868 2322 2013 2380 haec
2051 2337 2230 2395 opera

232 2396 349 2455 duo
376 2398 436 2453 in
460 2397 585 2470 haS,
614 2413 762 2469 quae
788 2415 937 2457 nunc
963 2406 1353 2472 numerantur,
1383 2398 1723 2472 rhapsodias
1752 2399 2034 2468 divisisse,
2065 2398 2229 2457 Com-

230 2474 648 2533 mentatoribus
705 2481 765 2533 et
807 2475 1207 2534 Grammaticis
1248 2476 1571 2535 Homericis
1624 2475 1793 2535 facile
1836 2476 2120 2534 credimus
2131 2474 2225 2546 41).

367 2704 439 2767 4⁰)
472 2701 659 2771 Longe
698 2702 804 2756 alia
838 2711 990 2757 aetas
1023 2704 1273 2772 producit
1308 2706 1617 2775 scriptores»,
1654 2708 1774 2774 pari
1799 2707 2125 2762 excellentes
2147 2709 2225 2761 in-

232 2773 390 2840 genio
428 2777 483 2823 et
518 2778 653 2850 arte,
690 2786 782 2850 eos
820 2787 905 2840 ue,
955 2775 1062 2894 qesii,
1100 2777 1232 2827 m'lzil
1259 2786 1491 2841 peccam,
1528 2778 1632 2827 nisi
1668 2779 1803 2841 quod
1836 2778 1963 2827 nihil
1989 2787 2225 2843 peccam,

229 2847 291 2893 ut
327 2845 453 2907 apte
490 2837 624 2893 Plin.
658 2846 735 2893 ait
820 2857 909 2908 pp.
947 2843 968 2893 1
1022 2883 1035 2910 ,
1071 2846 1154 2896 26.

367 2924 415 2965 41
486 2926 607 2977 Vet.
647 2924 934 2980 Grammat.
992 2927 1058 2981 de
1095 2928 1244 2994 poesi
1280 2927 1436 2982 Hom.
1473 2933 1523 2982 2.
1595 2926 1745 2980 Εἰσὶν
1795 2930 1944 3000 αὐτῷ
1981 2930 2224 2999 ποιήσεις

231 2993 350 3054 δύο,
388 2995 403 3019 ’
435 2992 583 3052 λιάς
617 2992 724 3045 καὶ
760 2993 1138 3057 Ὁδύσσεια,
1185 2996 1485 3067 διῃρημένη
1531 2998 1770 3067 ἑκατέρα
1816 2998 1892 3058 εἰς
1925 3001 2018 3049 τὸν
2057 3001 2219 3068 ἀριθ-

224 3062 328 3125 μὸν
366 3066 477 3113 τῶν
516 3063 822 3133 στοιχείων,
870 3062 969 3134 οὐχ
1007 3064 1098 3115 ὑπ’
1136 3065 1303 3116 αὐτοῦ
1338 3069 1437 3117 τοῦ
1486 3070 1742 3135 ποιητοῦ,
1796 3066 1922 3118 ἀλλ’
1947 3068 2064 3119 ὑπὸ
2109 3071 2219 3119 τῶν

228 3126 628 3198 Γραμματικῶν
688 3134 818 3182 τῶν
880 3131 1041 3201 περὶ
1094 3131 1559 3205 Ἀρίσταρχον.
1653 3134 1722 3187 Cf
1767 3134 2015 3188 Eustath.
2080 3152 2132 3203 p.
2170 3142 2218 3188 5.

230 3204 366 3252 extr.
403 3207 459 3250 et
475 3197 640 3250 Iensii
661 3195 977 3255 Lucubratt.
1001 3199 1233 3268 Hesych.
1252 3217 1303 3269 p.
1328 3206 1444 3256 284.
1504 3201 1758 3256 Similiter
1775 3203 2018 3256 fecerunt
2037 3203 2220 3258 Gram-

228 3265 412 3319 matici
446 3265 640 3320 Graeci
675 3265 731 3322 in
747 3267 1024 3322 Herodoto
1050 3277 1105 3321 et
1123 3269 1453 3338 Thucydide,
1479 3270 1659 3324 multis
1699 3287 1765 3324 ue
1792 3271 1937 3337 aliis;
1973 3287 2099 3326 mox
2115 3272 2219 3326 La-

229 3332 359 3396 tini,
413 3340 669 3403 tanquam
704 3335 957 3390 Octavius
989 3336 1285 3404 Lampadio
1331 3338 1390 3391 in
1424 3337 1615 3392 Naevii
1710 3339 1813 3393 ello
1850 3340 2067 3395 Punico.
2136 3340 2218 3393 De

228 3401 437 3471 reliquo
453 3441 468 3470 ,
529 3404 672 3471 quod
717 3404 1089 3459 Aristarchum
1145 3407 1296 3457 huius
1332 3407 1613 3475 διασκευῆς
1646 3419 1850 3459 nostrae
1895 3414 2216 3471 conjectorem

229 3470 461 3541 appello,
499 3487 595 3525 cur
628 3473 705 3526 ita
740 3473 971 3541 credam,
1005 3474 1111 3528 alio
1129 3473 1396 3528 volumine
1423 3473 1717 3542 explicabo.
1753 3474 1859 3529 Est
1880 3475 2012 3529 illud
2034 3476 2216 3544 paullo
