2734 4000
1150 363 1512 417 433...

328 513 679 572 simillimum
721 515 840 569 est:
893 515 1087 569 tamen
1138 510 1359 583 aliquid
1400 510 1615 571 dictum
1657 517 1748 571 est
1786 509 1861 570 ab
1901 511 1991 584 iis,
2032 512 2132 584 qui
2171 509 2337 570 dubi-

327 591 582 649 tationes
622 588 962 660 attulerunt,
1002 586 1145 645 nihil
1188 587 1262 646 ab
1302 587 1411 661 his,
1453 591 1553 661 qui
1593 605 1692 647 eas
1734 587 2026 672 diQre
2045 588 2337 648 volebant.

294 703 301 708 -
328 666 563 726 Etenim
602 665 690 723 illi
726 664 1009 722 inusitata
1045 662 1305 723 Homero
1348 671 1409 724 et
1447 666 1680 738 ingenio
1723 666 1849 724 eius
1888 664 2128 739 indigna
2165 666 2337 738 plura

330 760 395 802 se
435 744 495 801 in
553 742 641 799 his
684 740 907 800 duobus
957 740 1122 799 libris
1178 740 1634 814 deprehendisse
1695 741 2087 815 affirmabant,
2135 742 2197 800 hi
2243 743 2336 800 vel

329 819 736 891 antiquitatem
777 834 975 891 eorum
1015 822 1076 875 et
1114 818 1600 891 pulchritudinem
1640 819 1969 892 probabant
2006 818 2234 891 Virgilii
2276 825 2337 877 et

329 896 660 969 aequalium
699 895 1044 967 scriptorum
1078 896 1445 966 auctoritate,
1488 897 1681 967 (quasi
1708 912 1821 956 non
1849 897 2022 967 longe
2050 895 2334 966 antiquio-

334 990 449 1045 res,
488 973 658 1031 Plato
702 976 762 1029 et
799 969 1168 1041 Aristoteles,
1210 988 1309 1030 eos
1350 989 1458 1045 pro
1496 972 1825 1031 Homericis
1852 971 2202 1044 laudarent,)
2243 973 2336 1030 vel

330 1050 739 1108 necessitatem
779 1047 854 1106 ad
895 1048 1178 1106 iustorum
1217 1065 1458 1121 operum
1498 1049 1741 1108 formam
1781 1055 1843 1108 et
1878 1064 2207 1107 mensuram
2231 1050 2337 1106 im-

332 1126 621 1199 plendam.
690 1123 856 1195 Quod
885 1130 1285 1197 argumentum
1314 1127 1486 1197 quale
1514 1127 1608 1195 sit,
1636 1125 1809 1184 facile
1837 1131 2100 1198 apparet,
2128 1125 2336 1198 pudet-

330 1218 444 1274 que
483 1219 606 1274 noS,
666 1200 810 1258 illud
846 1199 1135 1259 refellere.
1202 1202 1291 1260 Eo
1335 1203 1487 1260 enim
1540 1202 1680 1259 nihil
1723 1202 1883 1261 aliud
1923 1201 2132 1261 docent
2153 1246 2169 1274 ,
2224 1202 2336 1260 nisi

325 1278 485 1351 quod
539 1278 653 1352 ipsi
692 1278 887 1351 parati
927 1284 1123 1337 essent
1162 1278 1309 1336 haec
1349 1279 1770 1352 complementa
1809 1278 2055 1350 addere,
2108 1278 2157 1335 si
2196 1294 2336 1337 non·
2386 1326 2391 1331 .

331 1357 468 1413 dum
508 1358 832 1413 exstarent:
887 1355 1000 1412 etsi
1040 1354 1113 1412 de
1151 1355 1339 1413 Iliade
1392 1372 1506 1413 non
1559 1355 1954 1415 demonstrant
2002 1371 2078 1412 ex
2114 1356 2335 1427 regulis

330 1433 468 1504 suiS,
510 1448 613 1489 cur
654 1447 724 1488 ea
750 1431 1116 1503 potissimum
1136 1433 1200 1489 in
1228 1433 1607 1490 tumultuaria
1634 1432 2024 1505 descriptione
2051 1431 2332 1490 Hectorei

330 1508 548 1566 funeris
589 1508 951 1565 terminetur.
1028 1509 1179 1566 Nam
1221 1509 1294 1566 de
1335 1508 1630 1582 Odyssea,
1681 1509 1837 1581 quod
1886 1508 2110 1580 volunt,
2161 1509 2333 1581 plane

332 1583 603 1643 efficiunt.
694 1585 763 1642 In
812 1584 922 1642 hac
972 1601 1109 1643 suus
1151 1601 1435 1657 quemque
1475 1602 1677 1644 sensus
1719 1586 1917 1656 docet,
1969 1585 2020 1642 si
2076 1589 2336 1643 extrema

329 1663 432 1720 illa
471 1661 761 1732 deessent,
813 1661 1090 1720 sollicitos
1129 1678 1233 1720 nos
1277 1661 1535 1721 abituros
1579 1679 1708 1721 esse
1748 1662 1822 1720 de
1861 1661 2092 1734 Ulysse,
2145 1666 2334 1719 tanta-

330 1755 458 1796 rum
508 1736 910 1795 difficultatum
962 1738 1209 1811 victore,
1284 1739 1751 1810 quandoquidem
1806 1739 1862 1796 ei
1909 1744 2032 1797 tum
2086 1738 2334 1797 maxime

330 1821 719 1872 metueremus
748 1831 784 1872 a
809 1815 1148 1886 parentibus
1192 1820 1252 1873 et
1291 1817 1553 1888 cognatis
1595 1831 1895 1874 caesorum
1926 1822 2035 1873 108
2056 1814 2331 1873 nobilium
2359 1835 2434 1876 131

330 1893 633 1963 iuvenum,
685 1890 799 1948 nisi
838 1893 1122 1957 amnestia
1162 1898 1222 1951 et
1259 1909 1378 1965 pax
1416 1891 1585 1951 fieret
1624 1891 1863 1951 deorum
1902 1891 2232 1950 interventu
2273 1899 2333 1950 et

333 1968 529 2028 subita
561 1970 809 2103 pgyavff.

488 2046 599 2117 Qui
682 2061 850 2117 ergo,
904 2045 955 2103 si
1006 2061 1134 2104 eam
1183 2046 1369 2119 ipsam
1423 2051 1653 2120 partem
1692 2063 1819 2105 cum
1861 2046 1991 2106 aliis
2030 2047 2334 2119 nonnullis»,

332 2121 541 2194 quibus
579 2123 738 2179 iusta
776 2123 1114 2195 compositio
1144 2122 1427 2182 Carminis
1470 2139 1673 2182 carere
1700 2125 1916 2196 nequit,
1956 2123 2195 2182 Homeri
2221 2140 2336 2182 non

334 2215 483 2271 esse,
525 2198 629 2256 sed
670 2197 744 2256 ab
784 2199 976 2270 aliquo
1016 2200 1316 2271 ingenioso
1356 2201 1651 2274 rhapsodo
1691 2201 1951 2274 proxime
1977 2200 2335 2272 insequentis

333 2276 463 2333 aevi
502 2275 879 2347 compositas,
932 2276 1223 2348 omnibus,
1277 2293 1428 2349 quae
1468 2279 1527 2334 in
1567 2279 1745 2336 hocce
1787 2293 1986 2349 genus>
2006 2292 2335 2341 rerum-ca:
2421 2275 2427 2281 “

333 2352 496 2423 dunt,
537 2352 888 2423 argumentis
931 2351 1128 2412 doceri
1165 2355 1400 2426 potest?
1443 2354 1613 2426 Quid,
1654 2356 1706 2412 si
1742 2353 1898 2412 idem
1925 2359 2123 2426 potest
2150 2353 2223 2412 de
2254 2353 2336 2411 VI

331 2429 641 2501 postremis
680 2428 1004 2500 rhapsodiis
1044 2429 1301 2489 Iliados?
1341 2431 1632 2502 Equidem
1661 2436 1819 2489 certe
1862 2429 2087 2501 quoties
2114 2430 2175 2487 in
2202 2446 2333 2489 con-

331 2506 541 2563 tinenti
579 2505 826 2564 lectione
867 2505 943 2563 ad
982 2507 1126 2564 istas
1167 2512 1366 2581 partes
1409 2508 1632 2579 deveni,
1674 2523 1965 2579 nunquam
2004 2523 2118 2565 non
2159 2506 2219 2564 in
2261 2507 2333 2563 iis

330 2582 476 2639 talia
515 2581 800 2652 quaedam
840 2583 1013 2655 sensi,
1054 2599 1220 2655 quae,
1260 2585 1376 2641 nisi
1414 2584 1550 2641 illae
1589 2589 1710 2642 tam
1749 2589 1974 2641 mature
2016 2599 2143 2642 cum
2184 2588 2336 2641 cete-

331 2659 413 2715 ris
454 2658 820 2730 coaluissent,
862 2659 1062 2731 quovis
1104 2660 1350 2733 pignore
1372 2660 1753 2738 „oqmendam,
1797 2658 2012 2717 dudum
2041 2659 2114 2718 ab
2145 2659 2337 2718 erudi-

334 2735 412 2792 tis
456 2734 690 2792 detecta
731 2740 791 2792 et
830 2735 1233 2795 animadversa
1269 2735 1468 2808 fuisse,
1510 2738 1680 2796 immo
1720 2737 1904 2794 multa
1931 2737 2054 2793 eius
2084 2737 2332 2808 generiS‚

333 2816 427 2883 ut,
471 2827 644 2882 quum
680 2827 833 2869 nuno
868 2806 1300 2890 Ὁμηρικώτατα
1337 2812 1690 2885 habeantur,
1743 2814 1795 2870 si
1834 2812 2232 2871 tantummodo
2275 2812 2336 2869 in

333 2887 576 2960 Hymnis
616 2888 967 2960 legerentur,
1019 2890 1148 2963 ipsa
1188 2890 1314 2949 sola
1353 2906 1453 2949 eos
1494 2888 1916 2963 suspicionibus
1958 2888 2192 2954 νοθείας
2235 2889 2336 2947 ad-

332 2979 607 3036 spersura
646 2971 855 3022 essent.
925 2965 1039 3024 Sed
1078 2966 1231 3023 hunc
1257 2982 1489 3025 sensum
1515 2983 1705 3024 meum
1731 2966 1945 3024 nemini
1971 2983 2077 3039 pro
2105 2966 2333 3025 ratione

332 3039 663 3112 venditabo,
706 3042 847 3100 satis
888 3044 1050 3114 gravi
1088 3059 1276 3116 nuper
1315 3044 1578 3116 exemplo
1620 3043 1876 3101 edoctus.
1961 3045 2144 3115 Quem
2185 3043 2336 3100 enim

331 3116 621 3189 Hymnum
674 3117 937 3190 plerique
989 3135 1132 3191 prae
1184 3121 1413 3178 laetitia
1458 3120 1593 3180 novi
1641 3115 1880 3197 ἑρμαῶυ
1931 3126 2051 3178 tam
2091 3120 2335 3177 similem

335 3193 591 3252 Homero
632 3209 804 3265 quam
844 3211 952 3254 ovo
992 3213 1159 3254 ovum
1199 3197 1502 3270 putabant,
1546 3213 1678 3254 eum
1718 3197 1820 3254 alii
1857 3196 2158 3268 indignum
2184 3201 2335 3266 vate,

332 3276 397 3328 at
436 3270 893 3342 antiquissimum
935 3277 995 3330 et
1019 3272 1372 3332 Homeridae
1394 3274 1639 3332 alicuius
1664 3272 1864 3345 fetum,
1903 3272 2338 3331 Pindemontius

331 3345 491 3403 haud
528 3348 782 3419 priorem
819 3347 1245 3420 AlexandriniS,
1285 3349 1532 3421 Ignarra
1571 3354 1871 3408 centonem
1896 3350 2337 3408 Moscoviticum

331 3422 606 3495 vocabat,
663 3440 695 3481 e
747 3424 1042 3482 Pausania
1091 3431 1151 3484 et
1200 3425 1433 3484 aliunde
1493 3427 1742 3504 corrasis
1784 3426 2037 3496 antiquis
2076 3424 2337 3484 versibus
2388 3411 2509 3454 “⁴²⁸⁸‘’

333 3497 527 3557 infima
567 3504 762 3558 aetate
813 3501 1285 3574 conglutinatum.
1366 3502 1748 3561 Ruhnkenius
1798 3503 2032 3574 quidem
2047 3545 2060 3571 ,
2118 3502 2340 3575 optima

334 3576 623 3634 sententia
649 3576 824 3649 dicta,
865 3593 980 3649 res,
1019 3578 1223 3658 inquit,
1265 3579 1767 3663 {geritiffissntiri
1788 3585 2001 3656 potest,
2031 3578 2339 3654 imperitis,

1976 3679 2032 3720 ⁶.
