<?xml version="1.0" encoding="UTF-8"?>
<!DOCTYPE html PUBLIC "-//W3C//DTD XHTML 1.0 Transitional//EN"
    "http://www.w3.org/TR/xhtml1/DTD/xhtml1-transitional.dtd">
<html xmlns="http://www.w3.org/1999/xhtml" xml:lang="en" lang="en">
 <head>
  <title>
</title>
<meta http-equiv="Content-Type" content="text/html;charset=utf-8" />
  <meta name='ocr-system' content='tesseract 3.04.00' />
  <meta name='ocr-capabilities' content='ocr_page ocr_carea ocr_par ocr_line ocrx_word'/>
</head>
<body>
  <div class='ocr_page' id='page_1' title='image "./prolegomenaadho00bekkgoog_0197.png"; bbox 0 0 2734 4000; ppageno 0'>
   <div class='ocr_carea' id='block_1_1' title="bbox 1135 202 1490 256">
    <p class='ocr_par' dir='ltr' id='par_1_1' title="bbox 1135 202 1490 256">
     <span class='ocr_line' id='line_1_1' title="bbox 1135 202 1490 256; baseline 0 -18"><span class='ocrx_word' id='word_1_1' title='bbox 1135 202 1490 256; x_wconf 72' lang='grc'>-63-</span> 
     </span>
    </p>
   </div>
   <div class='ocr_carea' id='block_1_2' title="bbox 303 348 2419 1813">
    <p class='ocr_par' dir='ltr' id='par_1_2' title="bbox 303 348 2419 1813">
     <span class='ocr_line' id='line_1_2' title="bbox 303 348 2315 435; baseline -0.003 -20"><span class='ocrx_word' id='word_1_2' title='bbox 303 377 402 435; x_wconf 81' lang='grc' dir='ltr'>μα</span> <span class='ocrx_word' id='word_1_3' title='bbox 456 355 587 414; x_wconf 59' lang='lat' dir='ltr'>fidu</span> <span class='ocrx_word' id='word_1_4' title='bbox 649 379 666 412; x_wconf 84' lang='grc' dir='ltr'><strong><em>ι</em></strong></span> <span class='ocrx_word' id='word_1_5' title='bbox 680 375 708 414; x_wconf 86' lang='grc' dir='ltr'><em>ν</em></span> <span class='ocrx_word' id='word_1_6' title='bbox 724 401 739 429; x_wconf 80' lang='lat'>‚</span> <span class='ocrx_word' id='word_1_7' title='bbox 792 358 990 412; x_wconf 73' lang='lat' dir='ltr'>discere</span> <span class='ocrx_word' id='word_1_8' title='bbox 1027 361 1210 427; x_wconf 64' lang='lat' dir='ltr'>partes</span> <span class='ocrx_word' id='word_1_9' title='bbox 1225 372 1243 406; x_wconf 85' lang='lat'>.-</span> <span class='ocrx_word' id='word_1_10' title='bbox 1292 351 1426 408; x_wconf 81' lang='lat' dir='ltr'>hinc</span> <span class='ocrx_word' id='word_1_11' title='bbox 1464 348 1819 423; x_wconf 81' lang='grc' dir='ltr'><em>διδάσκαλοι,</em></span> <span class='ocrx_word' id='word_1_12' title='bbox 1857 348 2315 425; x_wconf 78' lang='grc' dir='ltr'><em>ὑποδιδάσκαλοε,</em></span> 
     </span>
     <span class='ocr_line' id='line_1_3' title="bbox 354 425 2315 505; baseline -0.003 -14"><span class='ocrx_word' id='word_1_13' title='bbox 354 432 776 492; x_wconf 81' lang='grc' dir='ltr'><em>ντιδιδάσκαλοε</em></span> <span class='ocrx_word' id='word_1_14' title='bbox 790 475 809 501; x_wconf 90' lang='grc'><em>,</em></span> <span class='ocrx_word' id='word_1_15' title='bbox 860 425 1526 505; x_wconf 78' lang='grc' dir='ltr'><em>δεθυραμβοδιδάσκαλοι</em></span> <span class='ocrx_word' id='word_1_16' title='bbox 1566 434 1626 486; x_wconf 88' lang='grc'>61</span> <span class='ocrx_word' id='word_1_17' title='bbox 1664 430 1781 488; x_wconf 81' lang='lat' dir='ltr'>alia</span> <span class='ocrx_word' id='word_1_18' title='bbox 1816 429 2213 489; x_wconf 88' lang='lat' dir='ltr'>huiuscemodi</span> <span class='ocrx_word' id='word_1_19' title='bbox 2222 429 2315 503; x_wconf 83' lang='lat'>⁷⁵).</span> 
     </span>
     <span class='ocr_line' id='line_1_4' title="bbox 315 505 2419 581; baseline -0.001 -12"><span class='ocrx_word' id='word_1_20' title='bbox 315 512 621 581; x_wconf 88' lang='lat' dir='ltr'><strong>Nimirum,</strong></span> <span class='ocrx_word' id='word_1_21' title='bbox 663 516 729 568; x_wconf 92' lang='lat' dir='ltr'>ut</span> <span class='ocrx_word' id='word_1_22' title='bbox 769 508 1200 576; x_wconf 87' lang='lat' dir='ltr'>chironomiam,</span> <span class='ocrx_word' id='word_1_23' title='bbox 1239 510 1305 562; x_wconf 89' lang='lat' dir='ltr'>ut</span> <span class='ocrx_word' id='word_1_24' title='bbox 1329 505 1582 577; x_wconf 88' lang='lat' dir='ltr'>reliquos</span> <span class='ocrx_word' id='word_1_25' title='bbox 1607 512 1795 565; x_wconf 88' lang='lat' dir='ltr'>motus</span> <span class='ocrx_word' id='word_1_26' title='bbox 1823 508 2098 580; x_wconf 82' lang='lat' dir='ltr'>corporiS,</span> <span class='ocrx_word' id='word_1_27' title='bbox 2139 513 2205 565; x_wconf 89' lang='lat' dir='ltr'>ut</span> <span class='ocrx_word' id='word_1_28' title='bbox 2228 513 2317 567; x_wconf 88' lang='lat' dir='ltr'>to·</span> <span class='ocrx_word' id='word_1_29' title='bbox 2343 514 2419 553; x_wconf 78' lang='lat'>1⁰4</span> 
     </span>
     <span class='ocr_line' id='line_1_5' title="bbox 313 581 2317 656; baseline -0.002 -10"><span class='ocrx_word' id='word_1_30' title='bbox 313 593 435 647; x_wconf 88' lang='lat' dir='ltr'>tam</span> <span class='ocrx_word' id='word_1_31' title='bbox 475 588 841 647; x_wconf 81' lang='lat' dir='ltr'>saltationem</span> <span class='ocrx_word' id='word_1_32' title='bbox 894 589 1120 644; x_wconf 87' lang='lat' dir='ltr'>actores</span> <span class='ocrx_word' id='word_1_33' title='bbox 1183 581 1487 640; x_wconf 82' lang='lat' dir='ltr'>discebant</span> <span class='ocrx_word' id='word_1_34' title='bbox 1535 582 1816 655; x_wconf 90' lang='lat' dir='ltr'>adspectu</span> <span class='ocrx_word' id='word_1_35' title='bbox 1853 590 2317 656; x_wconf 85' lang='lat' dir='ltr'>praemonstran-</span> 
     </span>
     <span class='ocr_line' id='line_1_6' title="bbox 312 659 2315 736; baseline -0.001 -13"><span class='ocrx_word' id='word_1_36' title='bbox 312 666 459 723; x_wconf 85' lang='lat' dir='ltr'>tium</span> <span class='ocrx_word' id='word_1_37' title='bbox 496 665 926 736; x_wconf 86' lang='lat' dir='ltr'>magistrorum‚</span> <span class='ocrx_word' id='word_1_38' title='bbox 968 662 1053 719; x_wconf 85' lang='lat' dir='ltr'>ita</span> <span class='ocrx_word' id='word_1_39' title='bbox 1095 661 1271 718; x_wconf 88' lang='lat' dir='ltr'>etiam</span> <span class='ocrx_word' id='word_1_40' title='bbox 1309 659 1505 732; x_wconf 86' lang='lat' dir='ltr'>verba,</span> <span class='ocrx_word' id='word_1_41' title='bbox 1546 661 1917 732; x_wconf 80' lang='lat' dir='ltr'>praecinente</span> <span class='ocrx_word' id='word_1_42' title='bbox 1956 662 2084 734; x_wconf 92' lang='lat' dir='ltr'>ipso</span> <span class='ocrx_word' id='word_1_43' title='bbox 2123 666 2315 734; x_wconf 72' lang='lat' dir='ltr'>poeta,</span> 
     </span>
     <span class='ocr_line' id='line_1_7' title="bbox 309 736 2317 815; baseline -0.001 -16"><span class='ocrx_word' id='word_1_44' title='bbox 309 742 638 814; x_wconf 87' lang='lat' dir='ltr'>auditione,</span> <span class='ocrx_word' id='word_1_45' title='bbox 680 758 822 813; x_wconf 95' lang='lat' dir='ltr'>non,</span> <span class='ocrx_word' id='word_1_46' title='bbox 879 740 1029 798; x_wconf 89' lang='lat' dir='ltr'>sicut</span> <span class='ocrx_word' id='word_1_47' title='bbox 1049 737 1268 809; x_wconf 71' lang='lat' dir='ltr'>hodie,</span> <span class='ocrx_word' id='word_1_48' title='bbox 1323 752 1354 794; x_wconf 92' lang='lat' dir='ltr'>e</span> <span class='ocrx_word' id='word_1_49' title='bbox 1403 736 1618 795; x_wconf 89' lang='lat' dir='ltr'>libellis</span> <span class='ocrx_word' id='word_1_50' title='bbox 1658 737 2034 815; x_wconf 63' lang='lat' dir='ltr'>arripiebant.</span> <span class='ocrx_word' id='word_1_51' title='bbox 2112 739 2317 811; x_wconf 90' lang='lat' dir='ltr'>Itaque</span> 
     </span>
     <span class='ocr_line' id='line_1_8' title="bbox 318 809 2320 886; baseline -0.002 -9"><span class='ocrx_word' id='word_1_52' title='bbox 318 819 429 877; x_wconf 92' lang='lat' dir='ltr'>hoc</span> <span class='ocrx_word' id='word_1_53' title='bbox 467 819 735 878; x_wconf 90' lang='lat' dir='ltr'>instituto</span> <span class='ocrx_word' id='word_1_54' title='bbox 778 818 868 875; x_wconf 91' lang='lat' dir='ltr'>usi</span> <span class='ocrx_word' id='word_1_55' title='bbox 908 815 1180 873; x_wconf 87' lang='lat' dir='ltr'>videntur</span> <span class='ocrx_word' id='word_1_56' title='bbox 1205 814 1500 886; x_wconf 84' lang='lat' dir='ltr'>rhapsodi,</span> <span class='ocrx_word' id='word_1_57' title='bbox 1541 820 1607 872; x_wconf 92' lang='lat' dir='ltr'>ut</span> <span class='ocrx_word' id='word_1_58' title='bbox 1633 815 1782 872; x_wconf 89' lang='lat' dir='ltr'>alter</span> <span class='ocrx_word' id='word_1_59' title='bbox 1809 809 2055 873; x_wconf 86' lang='lat' dir='ltr'>alterum</span> <span class='ocrx_word' id='word_1_60' title='bbox 2083 815 2320 874; x_wconf 89' lang='lat' dir='ltr'>doceret</span> 
     </span>
     <span class='ocr_line' id='line_1_9' title="bbox 310 889 2316 967; baseline -0.004 -13"><span class='ocrx_word' id='word_1_61' title='bbox 310 912 525 967; x_wconf 84' lang='lat' dir='ltr'>coram,</span> <span class='ocrx_word' id='word_1_62' title='bbox 566 911 704 954; x_wconf 79' lang='lat' dir='ltr'>mox</span> <span class='ocrx_word' id='word_1_63' title='bbox 742 894 1081 953; x_wconf 85' lang='lat' dir='ltr'>exercitatio</span> <span class='ocrx_word' id='word_1_64' title='bbox 1126 896 1186 948; x_wconf 89' lang='grc'>61</span> <span class='ocrx_word' id='word_1_65' title='bbox 1223 889 1495 962; x_wconf 84' lang='lat' dir='ltr'>frequens</span> <span class='ocrx_word' id='word_1_66' title='bbox 1534 892 1800 950; x_wconf 83' lang='lat' dir='ltr'>recitatio</span> <span class='ocrx_word' id='word_1_67' title='bbox 1841 898 2028 950; x_wconf 89' lang='lat' dir='ltr'>artem</span> <span class='ocrx_word' id='word_1_68' title='bbox 2061 898 2316 965; x_wconf 89' lang='lat' dir='ltr'>pararet.</span> 
     </span>
     <span class='ocr_line' id='line_1_10' title="bbox 307 969 2319 1044; baseline -0.001 -14"><span class='ocrx_word' id='word_1_69' title='bbox 307 973 518 1044; x_wconf 85' lang='lat' dir='ltr'>Neque</span> <span class='ocrx_word' id='word_1_70' title='bbox 557 988 697 1030; x_wconf 87' lang='lat' dir='ltr'>sane</span> <span class='ocrx_word' id='word_1_71' title='bbox 739 977 860 1044; x_wconf 87' lang='lat' dir='ltr'>est,</span> <span class='ocrx_word' id='word_1_72' title='bbox 914 969 1068 1042; x_wconf 91' lang='lat' dir='ltr'>quod</span> <span class='ocrx_word' id='word_1_73' title='bbox 1107 969 1256 1026; x_wconf 91' lang='lat' dir='ltr'>hanc</span> <span class='ocrx_word' id='word_1_74' title='bbox 1293 969 1577 1027; x_wconf 91' lang='lat' dir='ltr'>rationem</span> <span class='ocrx_word' id='word_1_75' title='bbox 1615 969 2032 1028; x_wconf 87' lang='lat' dir='ltr'>incommodam</span> <span class='ocrx_word' id='word_1_76' title='bbox 2070 971 2165 1028; x_wconf 88' lang='lat' dir='ltr'>vel</span> <span class='ocrx_word' id='word_1_77' title='bbox 2201 985 2319 1027; x_wconf 88' lang='lat' dir='ltr'>me-</span> 
     </span>
     <span class='ocr_line' id='line_1_11' title="bbox 314 1045 2315 1119; baseline -0.001 -12"><span class='ocrx_word' id='word_1_78' title='bbox 314 1050 535 1108; x_wconf 85' lang='lat' dir='ltr'>moriae</span> <span class='ocrx_word' id='word_1_79' title='bbox 574 1050 965 1108; x_wconf 86' lang='lat' dir='ltr'>molestiorem</span> <span class='ocrx_word' id='word_1_80' title='bbox 1008 1052 1282 1119; x_wconf 87' lang='lat' dir='ltr'>putemus</span> <span class='ocrx_word' id='word_1_81' title='bbox 1322 1045 1435 1103; x_wconf 88' lang='lat' dir='ltr'>hac</span> <span class='ocrx_word' id='word_1_82' title='bbox 1472 1050 1700 1104; x_wconf 90' lang='lat' dir='ltr'>nostra:</span> <span class='ocrx_word' id='word_1_83' title='bbox 1757 1051 1915 1104; x_wconf 87' lang='lat' dir='ltr'>certe</span> <span class='ocrx_word' id='word_1_84' title='bbox 1964 1046 2025 1104; x_wconf 92' lang='lat' dir='ltr'>id</span> <span class='ocrx_word' id='word_1_85' title='bbox 2073 1046 2315 1118; x_wconf 90' lang='lat' dir='ltr'>quisque</span> 
     </span>
     <span class='ocr_line' id='line_1_12' title="bbox 316 1121 2320 1199; baseline -0 -17"><span class='ocrx_word' id='word_1_86' title='bbox 316 1126 483 1185; x_wconf 89' lang='lat' dir='ltr'>nobis</span> <span class='ocrx_word' id='word_1_87' title='bbox 526 1125 830 1197; x_wconf 85' lang='lat' dir='ltr'>concedet,</span> <span class='ocrx_word' id='word_1_88' title='bbox 886 1141 1013 1183; x_wconf 89' lang='lat' dir='ltr'>eam</span> <span class='ocrx_word' id='word_1_89' title='bbox 1073 1139 1187 1195; x_wconf 76' lang='grc'>11011</span> <span class='ocrx_word' id='word_1_90' title='bbox 1237 1122 1498 1194; x_wconf 87' lang='lat' dir='ltr'>potuisse</span> <span class='ocrx_word' id='word_1_91' title='bbox 1547 1138 1660 1181; x_wconf 95' lang='lat' dir='ltr'>non</span> <span class='ocrx_word' id='word_1_92' title='bbox 1682 1124 1888 1199; x_wconf 56' lang='grc'>1611110</span> <span class='ocrx_word' id='word_1_93' title='bbox 1940 1121 2320 1183; x_wconf 88' lang='lat' dir='ltr'>efficaciorem</span> 
     </span>
     <span class='ocr_line' id='line_1_13' title="bbox 317 1199 2320 1275; baseline -0.002 -14"><span class='ocrx_word' id='word_1_94' title='bbox 317 1219 445 1261; x_wconf 91' lang='lat' dir='ltr'>esse</span> <span class='ocrx_word' id='word_1_95' title='bbox 496 1202 572 1260; x_wconf 87' lang='lat' dir='ltr'>ad</span> <span class='ocrx_word' id='word_1_96' title='bbox 622 1203 897 1275; x_wconf 89' lang='lat' dir='ltr'>optimam</span> <span class='ocrx_word' id='word_1_97' title='bbox 958 1199 1495 1273; x_wconf 88' lang='lat' dir='ltr'>pronunciationem</span> <span class='ocrx_word' id='word_1_98' title='bbox 1535 1204 1709 1270; x_wconf 90' lang='lat' dir='ltr'>atque</span> <span class='ocrx_word' id='word_1_99' title='bbox 1748 1200 2052 1258; x_wconf 87' lang='lat' dir='ltr'>verborum</span> <span class='ocrx_word' id='word_1_100' title='bbox 2092 1206 2320 1258; x_wconf 90' lang='lat' dir='ltr'>senten-</span> 
     </span>
     <span class='ocr_line' id='line_1_14' title="bbox 314 1277 2321 1352; baseline -0.001 -15"><span class='ocrx_word' id='word_1_101' title='bbox 314 1281 644 1352; x_wconf 88' lang='lat' dir='ltr'>tiarumque</span> <span class='ocrx_word' id='word_1_102' title='bbox 686 1279 937 1337; x_wconf 91' lang='lat' dir='ltr'>omnium</span> <span class='ocrx_word' id='word_1_103' title='bbox 977 1293 1175 1336; x_wconf 86' lang='lat' dir='ltr'>veram</span> <span class='ocrx_word' id='word_1_104' title='bbox 1215 1278 1328 1334; x_wconf 89' lang='lat' dir='ltr'>vim</span> <span class='ocrx_word' id='word_1_105' title='bbox 1371 1281 1429 1333; x_wconf 90' lang='lat' dir='ltr'>et</span> <span class='ocrx_word' id='word_1_106' title='bbox 1470 1292 1670 1335; x_wconf 88' lang='lat' dir='ltr'>sonum</span> <span class='ocrx_word' id='word_1_107' title='bbox 1691 1277 2130 1348; x_wconf 90' lang='lat' dir='ltr'>assequendum.</span> <span class='ocrx_word' id='word_1_108' title='bbox 2188 1277 2321 1335; x_wconf 91' lang='lat' dir='ltr'>Huc</span> 
     </span>
     <span class='ocr_line' id='line_1_15' title="bbox 309 1353 2319 1429; baseline -0.001 -15"><span class='ocrx_word' id='word_1_109' title='bbox 309 1356 560 1428; x_wconf 84' lang='lat' dir='ltr'>accedit,</span> <span class='ocrx_word' id='word_1_110' title='bbox 603 1355 756 1429; x_wconf 91' lang='lat' dir='ltr'>quod</span> <span class='ocrx_word' id='word_1_111' title='bbox 796 1355 1079 1413; x_wconf 91' lang='lat' dir='ltr'>acerrima</span> <span class='ocrx_word' id='word_1_112' title='bbox 1119 1353 1312 1411; x_wconf 90' lang='lat' dir='ltr'>studia</span> <span class='ocrx_word' id='word_1_113' title='bbox 1355 1353 1683 1412; x_wconf 87' lang='lat' dir='ltr'>auditorum</span> <span class='ocrx_word' id='word_1_114' title='bbox 1711 1370 1837 1411; x_wconf 90' lang='lat' dir='ltr'>cum</span> <span class='ocrx_word' id='word_1_115' title='bbox 1878 1370 2096 1412; x_wconf 90' lang='lat' dir='ltr'>summo</span> <span class='ocrx_word' id='word_1_116' title='bbox 2125 1370 2319 1414; x_wconf 87' lang='lat' dir='ltr'>amore</span> 
     </span>
     <span class='ocr_line' id='line_1_16' title="bbox 315 1423 2321 1503; baseline -0.002 -12"><span class='ocrx_word' id='word_1_117' title='bbox 315 1433 672 1492; x_wconf 86' lang='lat' dir='ltr'>domesticae</span> <span class='ocrx_word' id='word_1_118' title='bbox 724 1433 1001 1492; x_wconf 89' lang='lat' dir='ltr'>historiae</span> <span class='ocrx_word' id='word_1_119' title='bbox 1052 1432 1114 1488; x_wconf 95' lang='lat' dir='ltr'>in</span> <span class='ocrx_word' id='word_1_120' title='bbox 1156 1431 1406 1502; x_wconf 87' lang='lat' dir='ltr'>antiquis</span> <span class='ocrx_word' id='word_1_121' title='bbox 1447 1423 1636 1487; x_wconf 81' lang='grc' dir='ltr'><em>ἔπεσιν</em></span> <span class='ocrx_word' id='word_1_122' title='bbox 1673 1430 1830 1489; x_wconf 83' lang='grc' dir='ltr'>116οᾶ</span> <span class='ocrx_word' id='word_1_123' title='bbox 1871 1430 2043 1489; x_wconf 92' lang='lat' dir='ltr'>dubie</span> <span class='ocrx_word' id='word_1_124' title='bbox 2083 1447 2321 1503; x_wconf 89' lang='lat' dir='ltr'>operam</span> 
     </span>
     <span class='ocr_line' id='line_1_17' title="bbox 317 1506 2359 1580; baseline -0 -13"><span class='ocrx_word' id='word_1_125' title='bbox 317 1511 489 1568; x_wconf 88' lang='lat' dir='ltr'>istam</span> <span class='ocrx_word' id='word_1_126' title='bbox 535 1509 768 1568; x_wconf 86' lang='lat' dir='ltr'>facilem</span> <span class='ocrx_word' id='word_1_127' title='bbox 808 1515 868 1567; x_wconf 90' lang='lat' dir='ltr'>et</span> <span class='ocrx_word' id='word_1_128' title='bbox 911 1508 1231 1565; x_wconf 90' lang='lat' dir='ltr'>iucundam</span> <span class='ocrx_word' id='word_1_129' title='bbox 1274 1506 1619 1565; x_wconf 87' lang='lat' dir='ltr'>efficiebant.</span> <span class='ocrx_word' id='word_1_130' title='bbox 1687 1508 1847 1578; x_wconf 82' lang='lat' dir='ltr'>Quae</span> <span class='ocrx_word' id='word_1_131' title='bbox 1876 1509 2083 1580; x_wconf 89' lang='lat' dir='ltr'>omnia,</span> <span class='ocrx_word' id='word_1_132' title='bbox 2126 1524 2197 1565; x_wconf 87' lang='lat' dir='ltr'>ex</span> <span class='ocrx_word' id='word_1_133' title='bbox 2220 1508 2359 1566; x_wconf 81' lang='lat' dir='ltr'>illo·-</span> 
     </span>
     <span class='ocr_line' id='line_1_18' title="bbox 318 1584 2321 1659; baseline -0.001 -16"><span class='ocrx_word' id='word_1_134' title='bbox 318 1604 445 1645; x_wconf 91' lang='lat' dir='ltr'>rum</span> <span class='ocrx_word' id='word_1_135' title='bbox 495 1593 827 1659; x_wconf 91' lang='lat' dir='ltr'>temporum</span> <span class='ocrx_word' id='word_1_136' title='bbox 880 1586 1128 1658; x_wconf 85' lang='lat' dir='ltr'>ingeniis</span> <span class='ocrx_word' id='word_1_137' title='bbox 1170 1601 1239 1642; x_wconf 95' lang='lat' dir='ltr'>ac</span> <span class='ocrx_word' id='word_1_138' title='bbox 1276 1584 1531 1643; x_wconf 88' lang='lat' dir='ltr'>moribus</span> <span class='ocrx_word' id='word_1_139' title='bbox 1574 1585 1932 1656; x_wconf 87' lang='lat' dir='ltr'>existimata,</span> <span class='ocrx_word' id='word_1_140' title='bbox 1981 1585 2169 1642; x_wconf 90' lang='lat' dir='ltr'>locum</span> <span class='ocrx_word' id='word_1_141' title='bbox 2207 1601 2321 1644; x_wconf 93' lang='lat' dir='ltr'>non</span> 
     </span>
     <span class='ocr_line' id='line_1_19' title="bbox 327 1659 2322 1739; baseline -0.001 -19"><span class='ocrx_word' id='word_1_142' title='bbox 327 1664 659 1736; x_wconf 87' lang='lat' dir='ltr'>relinquunt</span> <span class='ocrx_word' id='word_1_143' title='bbox 698 1662 1066 1734; x_wconf 86' lang='lat' dir='ltr'>dubitationi,</span> <span class='ocrx_word' id='word_1_144' title='bbox 1108 1663 1206 1734; x_wconf 90' lang='lat' dir='ltr'>qui</span> <span class='ocrx_word' id='word_1_145' title='bbox 1243 1659 1371 1739; x_wconf 72' lang='lat' dir='ltr'>fieri</span> <span class='ocrx_word' id='word_1_146' title='bbox 1409 1661 1667 1734; x_wconf 87' lang='lat' dir='ltr'>potuerit</span> <span class='ocrx_word' id='word_1_147' title='bbox 1704 1661 1866 1734; x_wconf 87' lang='lat' dir='ltr'>illud,</span> <span class='ocrx_word' id='word_1_148' title='bbox 1915 1661 2067 1733; x_wconf 91' lang='lat' dir='ltr'>quod</span> <span class='ocrx_word' id='word_1_149' title='bbox 2106 1659 2322 1720; x_wconf 87' lang='lat' dir='ltr'>factum</span> 
     </span>
     <span class='ocr_line' id='line_1_20' title="bbox 329 1739 1526 1813; baseline -0.003 -15"><span class='ocrx_word' id='word_1_150' title='bbox 329 1755 458 1798; x_wconf 88' lang='lat' dir='ltr'>esse</span> <span class='ocrx_word' id='word_1_151' title='bbox 496 1741 807 1800; x_wconf 86' lang='lat' dir='ltr'>historicae</span> <span class='ocrx_word' id='word_1_152' title='bbox 846 1739 1102 1797; x_wconf 89' lang='lat' dir='ltr'>rationes</span> <span class='ocrx_word' id='word_1_153' title='bbox 1141 1739 1526 1813; x_wconf 89' lang='lat' dir='ltr'>pervicerunt.</span> 
     </span>
    </p>
   </div>
   <div class='ocr_carea' id='block_1_3' title="bbox 1198 1953 1445 2030">
    <p class='ocr_par' dir='ltr' id='par_1_3' title="bbox 1198 1953 1445 2030">
     <span class='ocr_line' id='line_1_21' title="bbox 1198 1953 1445 2030; baseline 0.012 -3"><span class='ocrx_word' id='word_1_154' title='bbox 1198 1953 1445 2030; x_wconf 90' lang='lat' dir='ltr'><strong>XXV.</strong></span> 
     </span>
    </p>
   </div>
   <div class='ocr_carea' id='block_1_4' title="bbox 309 2124 2424 2891">
    <p class='ocr_par' dir='ltr' id='par_1_4' title="bbox 309 2124 2424 2891">
     <span class='ocr_line' id='line_1_22' title="bbox 482 2124 2324 2199; baseline -0.001 -17"><span class='ocrx_word' id='word_1_155' title='bbox 482 2125 648 2183; x_wconf 90' lang='lat' dir='ltr'>Haec</span> <span class='ocrx_word' id='word_1_156' title='bbox 688 2131 883 2183; x_wconf 89' lang='lat' dir='ltr'>autem</span> <span class='ocrx_word' id='word_1_157' title='bbox 925 2128 1223 2199; x_wconf 89' lang='lat' dir='ltr'>reputanti</span> <span class='ocrx_word' id='word_1_158' title='bbox 1270 2128 1410 2185; x_wconf 89' lang='lat' dir='ltr'>mihi</span> <span class='ocrx_word' id='word_1_159' title='bbox 1436 2127 1808 2184; x_wconf 87' lang='lat' dir='ltr'>vehementer</span> <span class='ocrx_word' id='word_1_160' title='bbox 1835 2140 2030 2183; x_wconf 88' lang='lat' dir='ltr'>errare</span> <span class='ocrx_word' id='word_1_161' title='bbox 2054 2124 2324 2182; x_wconf 87' lang='lat' dir='ltr'>videntur</span> 
     </span>
     <span class='ocr_line' id='line_1_23' title="bbox 321 2202 2323 2274; baseline 0 -17"><span class='ocrx_word' id='word_1_162' title='bbox 321 2202 383 2271; x_wconf 89' lang='lat' dir='ltr'>ii,</span> <span class='ocrx_word' id='word_1_163' title='bbox 424 2203 522 2274; x_wconf 90' lang='lat' dir='ltr'>qui</span> <span class='ocrx_word' id='word_1_164' title='bbox 560 2207 769 2274; x_wconf 91' lang='lat' dir='ltr'>putant</span> <span class='ocrx_word' id='word_1_165' title='bbox 809 2204 1020 2261; x_wconf 88' lang='lat' dir='ltr'>litteris</span> <span class='ocrx_word' id='word_1_166' title='bbox 1062 2219 1176 2263; x_wconf 95' lang='lat' dir='ltr'>non</span> <span class='ocrx_word' id='word_1_167' title='bbox 1216 2217 1382 2262; x_wconf 88' lang='lat' dir='ltr'>usum</span> <span class='ocrx_word' id='word_1_168' title='bbox 1421 2204 1736 2262; x_wconf 91' lang='lat' dir='ltr'>Homerum</span> <span class='ocrx_word' id='word_1_169' title='bbox 1774 2203 1972 2260; x_wconf 87' lang='lat' dir='ltr'>statim</span> <span class='ocrx_word' id='word_1_170' title='bbox 2009 2206 2195 2260; x_wconf 87' lang='lat' dir='ltr'>totum</span> <span class='ocrx_word' id='word_1_171' title='bbox 2220 2202 2323 2258; x_wconf 92' lang='lat' dir='ltr'>im-</span> 
     </span>
     <span class='ocr_line' id='line_1_24' title="bbox 326 2277 2325 2340; baseline 0 -5"><span class='ocrx_word' id='word_1_172' title='bbox 326 2279 539 2336; x_wconf 89' lang='lat' dir='ltr'>mutari</span> <span class='ocrx_word' id='word_1_173' title='bbox 589 2284 650 2336; x_wconf 91' lang='lat' dir='ltr'>et</span> <span class='ocrx_word' id='word_1_174' title='bbox 699 2279 790 2336; x_wconf 89' lang='lat' dir='ltr'>sui</span> <span class='ocrx_word' id='word_1_175' title='bbox 845 2279 1179 2339; x_wconf 89' lang='lat' dir='ltr'>dissimilem</span> <span class='ocrx_word' id='word_1_176' title='bbox 1234 2281 1407 2340; x_wconf 91' lang='lat' dir='ltr'>reddi</span> <span class='ocrx_word' id='word_1_177' title='bbox 1443 2295 1680 2339; x_wconf 89' lang='lat' dir='ltr'>necesse</span> <span class='ocrx_word' id='word_1_178' title='bbox 1720 2277 1918 2337; x_wconf 87' lang='lat' dir='ltr'>fuisse.</span> <span class='ocrx_word' id='word_1_179' title='bbox 1995 2279 2063 2337; x_wconf 92' lang='lat' dir='ltr'>Id</span> <span class='ocrx_word' id='word_1_180' title='bbox 2104 2279 2325 2336; x_wconf 89' lang='lat' dir='ltr'>scilicet</span> 
     </span>
     <span class='ocr_line' id='line_1_25' title="bbox 338 2352 2323 2430; baseline -0.002 -17"><span class='ocrx_word' id='word_1_181' title='bbox 338 2354 626 2413; x_wconf 84' lang='lat' dir='ltr'>effecisset</span> <span class='ocrx_word' id='word_1_182' title='bbox 663 2372 814 2428; x_wconf 84' lang='lat' dir='ltr'>vaga</span> <span class='ocrx_word' id='word_1_183' title='bbox 852 2356 1091 2430; x_wconf 84' lang='lat' dir='ltr'>auditio,</span> <span class='ocrx_word' id='word_1_184' title='bbox 1132 2375 1246 2417; x_wconf 92' lang='lat' dir='ltr'>non</span> <span class='ocrx_word' id='word_1_185' title='bbox 1283 2358 1548 2430; x_wconf 84' lang='lat' dir='ltr'>legitima</span> <span class='ocrx_word' id='word_1_186' title='bbox 1574 2363 1634 2416; x_wconf 91' lang='lat' dir='ltr'>et</span> <span class='ocrx_word' id='word_1_187' title='bbox 1655 2356 1803 2415; x_wconf 92' lang='lat' dir='ltr'>bene</span> <span class='ocrx_word' id='word_1_188' title='bbox 1830 2357 2147 2430; x_wconf 86' lang='lat' dir='ltr'>composita</span> <span class='ocrx_word' id='word_1_189' title='bbox 2172 2352 2323 2411; x_wconf 81' lang='grc' dir='ltr'><em>διδα-</em></span> 
     </span>
     <span class='ocr_line' id='line_1_26' title="bbox 309 2431 2424 2507; baseline 0.002 -21"><span class='ocrx_word' id='word_1_190' title='bbox 309 2431 560 2487; x_wconf 58' lang='grc' dir='ltr'>*σκαλίοι</span> <span class='ocrx_word' id='word_1_191' title='bbox 641 2432 1051 2491; x_wconf 88' lang='lat' dir='ltr'>Verumtamen</span> <span class='ocrx_word' id='word_1_192' title='bbox 1099 2434 1212 2507; x_wconf 86' lang='lat' dir='ltr'>ipsi</span> <span class='ocrx_word' id='word_1_193' title='bbox 1261 2441 1488 2493; x_wconf 90' lang='lat' dir='ltr'>veteres</span> <span class='ocrx_word' id='word_1_194' title='bbox 1541 2451 1577 2493; x_wconf 88' lang='lat' dir='ltr'>a</span> <span class='ocrx_word' id='word_1_195' title='bbox 1626 2433 1932 2506; x_wconf 90' lang='lat' dir='ltr'>rhapsodis</span> <span class='ocrx_word' id='word_1_196' title='bbox 1979 2432 2324 2507; x_wconf 89' lang='lat' dir='ltr'>repetebant</span> <span class='ocrx_word' id='word_1_197' title='bbox 2351 2440 2424 2479; x_wconf 79' lang='lat'>10⁵</span> 
     </span>
     <span class='ocr_line' id='line_1_27' title="bbox 335 2509 2326 2583; baseline -0.001 -16"><span class='ocrx_word' id='word_1_198' title='bbox 335 2509 619 2581; x_wconf 86' lang='lat' dir='ltr'>originem</span> <span class='ocrx_word' id='word_1_199' title='bbox 658 2510 947 2567; x_wconf 86' lang='lat' dir='ltr'>variarum</span> <span class='ocrx_word' id='word_1_200' title='bbox 985 2512 1312 2583; x_wconf 90' lang='lat' dir='ltr'>lectionum,</span> <span class='ocrx_word' id='word_1_201' title='bbox 1353 2513 1412 2568; x_wconf 95' lang='lat' dir='ltr'>in</span> <span class='ocrx_word' id='word_1_202' title='bbox 1442 2527 1750 2583; x_wconf 90' lang='lat' dir='ltr'>eorumque</span> <span class='ocrx_word' id='word_1_203' title='bbox 1777 2510 2123 2569; x_wconf 88' lang='lat' dir='ltr'>creberrimo</span> <span class='ocrx_word' id='word_1_204' title='bbox 2151 2514 2326 2567; x_wconf 87' lang='lat' dir='ltr'>cantu</span> 
     </span>
     <span class='ocr_line' id='line_1_28' title="bbox 339 2584 2324 2660; baseline 0.001 -18"><span class='ocrx_word' id='word_1_205' title='bbox 339 2586 714 2658; x_wconf 91' lang='lat' dir='ltr'>praecipuum</span> <span class='ocrx_word' id='word_1_206' title='bbox 761 2584 978 2645; x_wconf 87' lang='lat' dir='ltr'>fontem</span> <span class='ocrx_word' id='word_1_207' title='bbox 1027 2587 1302 2646; x_wconf 87' lang='lat' dir='ltr'>videbant</span> <span class='ocrx_word' id='word_1_208' title='bbox 1340 2589 1721 2660; x_wconf 87' lang='lat' dir='ltr'>corruptionis</span> <span class='ocrx_word' id='word_1_209' title='bbox 1763 2593 1824 2646; x_wconf 89' lang='grc'>61</span> <span class='ocrx_word' id='word_1_210' title='bbox 1860 2586 2324 2660; x_wconf 87' lang='lat' dir='ltr'>interpolationis</span> 
     </span>
     <span class='ocr_line' id='line_1_29' title="bbox 324 2662 2322 2737; baseline 0.001 -18"><span class='ocrx_word' id='word_1_211' title='bbox 324 2662 684 2720; x_wconf 87' lang='lat' dir='ltr'>Homericae.</span> <span class='ocrx_word' id='word_1_212' title='bbox 775 2662 967 2735; x_wconf 93' lang='lat' dir='ltr'>Atque</span> <span class='ocrx_word' id='word_1_213' title='bbox 1018 2665 1129 2724; x_wconf 90' lang='lat' dir='ltr'>hoc</span> <span class='ocrx_word' id='word_1_214' title='bbox 1167 2665 1472 2737; x_wconf 89' lang='lat' dir='ltr'>iudicium,</span> <span class='ocrx_word' id='word_1_215' title='bbox 1523 2664 1596 2722; x_wconf 93' lang='lat' dir='ltr'>ab</span> <span class='ocrx_word' id='word_1_216' title='bbox 1644 2663 2051 2722; x_wconf 86' lang='lat' dir='ltr'>Alexandrinis</span> <span class='ocrx_word' id='word_1_217' title='bbox 2094 2662 2322 2721; x_wconf 86' lang='lat' dir='ltr'>Criticis</span> 
     </span>
     <span class='ocr_line' id='line_1_30' title="bbox 336 2736 2323 2814; baseline 0.001 -19"><span class='ocrx_word' id='word_1_218' title='bbox 336 2736 656 2811; x_wconf 85' lang='lat' dir='ltr'>profectum</span> <span class='ocrx_word' id='word_1_219' title='bbox 668 2739 761 2812; x_wconf 77' lang='lat'>⁷⁶),</span> <span class='ocrx_word' id='word_1_220' title='bbox 804 2741 1085 2799; x_wconf 92' lang='lat' dir='ltr'>eiusmodi</span> <span class='ocrx_word' id='word_1_221' title='bbox 1129 2747 1235 2814; x_wconf 90' lang='lat' dir='ltr'>est,</span> <span class='ocrx_word' id='word_1_222' title='bbox 1286 2747 1351 2799; x_wconf 89' lang='lat' dir='ltr'>ut</span> <span class='ocrx_word' id='word_1_223' title='bbox 1391 2748 1600 2800; x_wconf 84' lang='lat' dir='ltr'>natura</span> <span class='ocrx_word' id='word_1_224' title='bbox 1637 2742 1726 2801; x_wconf 94' lang='lat' dir='ltr'>rei</span> <span class='ocrx_word' id='word_1_225' title='bbox 1766 2742 2114 2813; x_wconf 84' lang='lat' dir='ltr'>cogitantem</span> <span class='ocrx_word' id='word_1_226' title='bbox 2154 2738 2323 2797; x_wconf 89' lang='lat' dir='ltr'>facile</span> 
     </span>
     <span class='ocr_line' id='line_1_31' title="bbox 315 2815 2321 2891; baseline 0 -19"><span class='ocrx_word' id='word_1_227' title='bbox 315 2815 521 2874; x_wconf 89' lang='lat' dir='ltr'>eodem</span> <span class='ocrx_word' id='word_1_228' title='bbox 546 2816 847 2889; x_wconf 91' lang='lat' dir='ltr'>perducat.</span> <span class='ocrx_word' id='word_1_229' title='bbox 886 2818 1091 2890; x_wconf 86' lang='lat' dir='ltr'>Neque</span> <span class='ocrx_word' id='word_1_230' title='bbox 1120 2818 1271 2877; x_wconf 92' lang='lat' dir='ltr'>enim</span> <span class='ocrx_word' id='word_1_231' title='bbox 1290 2835 1364 2876; x_wconf 89' lang='lat' dir='ltr'>ne</span> <span class='ocrx_word' id='word_1_232' title='bbox 1388 2819 1754 2877; x_wconf 88' lang='lat' dir='ltr'>tenacissima</span> <span class='ocrx_word' id='word_1_233' title='bbox 1773 2817 2005 2891; x_wconf 90' lang='lat' dir='ltr'>quidem</span> <span class='ocrx_word' id='word_1_234' title='bbox 2023 2818 2321 2886; x_wconf 88' lang='lat' dir='ltr'>memoria,</span> 
     </span>
    </p>
   </div>
   <div class='ocr_carea' id='block_1_5' title="bbox 323 2928 719 2937">
    <p class='ocr_par' dir='ltr' id='par_1_5' title="bbox 323 2928 719 2937">
     <span class='ocr_line' id='line_1_32' title="bbox 323 2928 719 2937; baseline 0 1063"><span class='ocrx_word' id='word_1_235' title='bbox 323 2928 719 2937; x_wconf 95' lang='lat' dir='ltr'> </span> 
     </span>
    </p>
   </div>
   <div class='ocr_carea' id='block_1_6' title="bbox 322 2993 2321 3337">
    <p class='ocr_par' dir='ltr' id='par_1_6' title="bbox 322 2993 2321 3337">
     <span class='ocr_line' id='line_1_33' title="bbox 451 2993 2321 3062; baseline 0.001 -16"><span class='ocrx_word' id='word_1_236' title='bbox 451 2993 525 3055; x_wconf 81' lang='lat'>⁷5)</span> <span class='ocrx_word' id='word_1_237' title='bbox 561 2993 691 3047; x_wconf 90' lang='lat' dir='ltr'>Post</span> <span class='ocrx_word' id='word_1_238' title='bbox 744 3009 835 3062; x_wconf 83' lang='lat' dir='ltr'>ea,</span> <span class='ocrx_word' id='word_1_239' title='bbox 887 3009 1025 3062; x_wconf 88' lang='lat' dir='ltr'>quae</span> <span class='ocrx_word' id='word_1_240' title='bbox 1071 3010 1143 3048; x_wconf 80' lang='lat' dir='ltr'>ex</span> <span class='ocrx_word' id='word_1_241' title='bbox 1190 2995 1454 3062; x_wconf 82' lang='lat' dir='ltr'>Harpocr.</span> <span class='ocrx_word' id='word_1_242' title='bbox 1500 2999 1555 3048; x_wconf 88' lang='lat' dir='ltr'>et</span> <span class='ocrx_word' id='word_1_243' title='bbox 1588 2994 1819 3061; x_wconf 86' lang='lat' dir='ltr'>Hesych.</span> <span class='ocrx_word' id='word_1_244' title='bbox 1855 3010 1905 3046; x_wconf 85' lang='lat' dir='ltr'>v.</span> <span class='ocrx_word' id='word_1_245' title='bbox 1941 2994 2255 3054; x_wconf 79' lang='grc' dir='ltr'><em>διδάσκαλος</em></span> <span class='ocrx_word' id='word_1_246' title='bbox 2287 3010 2321 3047; x_wconf 89' lang='grc'>6</span> 
     </span>
     <span class='ocr_line' id='line_1_34' title="bbox 322 3060 2319 3130; baseline 0.002 -17"><span class='ocrx_word' id='word_1_247' title='bbox 322 3060 590 3114; x_wconf 87' lang='lat' dir='ltr'>nonnullis</span> <span class='ocrx_word' id='word_1_248' title='bbox 624 3061 753 3116; x_wconf 85' lang='lat' dir='ltr'>viris</span> <span class='ocrx_word' id='word_1_249' title='bbox 788 3063 958 3117; x_wconf 85' lang='lat' dir='ltr'>doctis</span> <span class='ocrx_word' id='word_1_250' title='bbox 993 3063 1246 3129; x_wconf 85' lang='lat' dir='ltr'>breviter,</span> <span class='ocrx_word' id='word_1_251' title='bbox 1286 3068 1341 3116; x_wconf 90' lang='lat' dir='ltr'>et</span> <span class='ocrx_word' id='word_1_252' title='bbox 1375 3078 1408 3117; x_wconf 87' lang='grc'>6</span> <span class='ocrx_word' id='word_1_253' title='bbox 1446 3063 1669 3117; x_wconf 85' lang='lat' dir='ltr'>Casaub.</span> <span class='ocrx_word' id='word_1_254' title='bbox 1706 3063 1763 3115; x_wconf 91' lang='lat' dir='ltr'>in</span> <span class='ocrx_word' id='word_1_255' title='bbox 1796 3062 1995 3117; x_wconf 88' lang='lat' dir='ltr'>Athen.</span> <span class='ocrx_word' id='word_1_256' title='bbox 2028 3062 2123 3130; x_wconf 87' lang='lat' dir='ltr'>VI,</span> <span class='ocrx_word' id='word_1_257' title='bbox 2158 3066 2207 3117; x_wconf 87' lang='lat'>7.</span> <span class='ocrx_word' id='word_1_258' title='bbox 2244 3061 2319 3116; x_wconf 89' lang='lat' dir='ltr'>di·</span> 
     </span>
     <span class='ocr_line' id='line_1_35' title="bbox 325 3128 2320 3199; baseline 0.002 -18"><span class='ocrx_word' id='word_1_259' title='bbox 325 3128 680 3183; x_wconf 82' lang='lat' dir='ltr'>dascaliarum</span> <span class='ocrx_word' id='word_1_260' title='bbox 717 3146 881 3184; x_wconf 86' lang='lat' dir='ltr'>causa</span> <span class='ocrx_word' id='word_1_261' title='bbox 914 3137 1103 3186; x_wconf 85' lang='lat' dir='ltr'>notata</span> <span class='ocrx_word' id='word_1_262' title='bbox 1140 3136 1278 3198; x_wconf 84' lang='lat' dir='ltr'>sunt,</span> <span class='ocrx_word' id='word_1_263' title='bbox 1313 3147 1489 3199; x_wconf 91' lang='lat' dir='ltr'>nemo,</span> <span class='ocrx_word' id='word_1_264' title='bbox 1537 3131 1681 3199; x_wconf 90' lang='lat' dir='ltr'>quod</span> <span class='ocrx_word' id='word_1_265' title='bbox 1716 3130 1895 3198; x_wconf 88' lang='lat' dir='ltr'>sciam,</span> <span class='ocrx_word' id='word_1_266' title='bbox 1941 3130 1997 3183; x_wconf 93' lang='lat' dir='ltr'>in</span> <span class='ocrx_word' id='word_1_267' title='bbox 2032 3130 2173 3184; x_wconf 87' lang='lat' dir='ltr'>hanc</span> <span class='ocrx_word' id='word_1_268' title='bbox 2206 3146 2320 3184; x_wconf 91' lang='lat' dir='ltr'>rem</span> 
     </span>
     <span class='ocr_line' id='line_1_36' title="bbox 324 3197 2317 3268; baseline 0.001 -18"><span class='ocrx_word' id='word_1_269' title='bbox 324 3204 577 3252; x_wconf 83' lang='lat' dir='ltr'>accurate</span> <span class='ocrx_word' id='word_1_270' title='bbox 613 3197 904 3266; x_wconf 83' lang='lat' dir='ltr'>inquisivit,</span> <span class='ocrx_word' id='word_1_271' title='bbox 941 3205 1325 3268; x_wconf 85' lang='lat' dir='ltr'>exspectatque</span> <span class='ocrx_word' id='word_1_272' title='bbox 1362 3216 1429 3254; x_wconf 92' lang='grc'>66</span> <span class='ocrx_word' id='word_1_273' title='bbox 1463 3200 1639 3253; x_wconf 89' lang='lat' dir='ltr'>adhuc</span> <span class='ocrx_word' id='word_1_274' title='bbox 1667 3200 1846 3253; x_wconf 88' lang='lat' dir='ltr'>lucem</span> <span class='ocrx_word' id='word_1_275' title='bbox 1882 3213 2032 3253; x_wconf 85' lang='lat' dir='ltr'>suam</span> <span class='ocrx_word' id='word_1_276' title='bbox 2052 3215 2172 3253; x_wconf 89' lang='lat' dir='ltr'>cum</span> <span class='ocrx_word' id='word_1_277' title='bbox 2188 3201 2317 3252; x_wconf 87' lang='lat' dir='ltr'>mul·</span> 
     </span>
     <span class='ocr_line' id='line_1_37' title="bbox 329 3264 1995 3337; baseline 0.001 -20"><span class='ocrx_word' id='word_1_278' title='bbox 329 3264 398 3319; x_wconf 88' lang='lat' dir='ltr'>tis</span> <span class='ocrx_word' id='word_1_279' title='bbox 432 3266 569 3334; x_wconf 81' lang='lat' dir='ltr'>aliiS,</span> <span class='ocrx_word' id='word_1_280' title='bbox 605 3282 741 3334; x_wconf 87' lang='lat' dir='ltr'>quae</span> <span class='ocrx_word' id='word_1_281' title='bbox 774 3267 846 3320; x_wconf 90' lang='lat' dir='ltr'>ad</span> <span class='ocrx_word' id='word_1_282' title='bbox 881 3267 1035 3321; x_wconf 89' lang='lat' dir='ltr'>ludos</span> <span class='ocrx_word' id='word_1_283' title='bbox 1071 3269 1313 3322; x_wconf 87' lang='lat' dir='ltr'>scenicos</span> <span class='ocrx_word' id='word_1_284' title='bbox 1349 3269 1675 3323; x_wconf 87' lang='lat' dir='ltr'>Graecorum</span> <span class='ocrx_word' id='word_1_285' title='bbox 1708 3268 1995 3337; x_wconf 88' lang='lat' dir='ltr'>pertinent.</span> 
     </span>
    </p>
   </div>
   <div class='ocr_carea' id='block_1_7' title="bbox 313 3353 2318 3491">
    <p class='ocr_par' dir='ltr' id='par_1_7' title="bbox 313 3353 2318 3491">
     <span class='ocr_line' id='line_1_38' title="bbox 313 3353 2318 3491; baseline -0.001 -82"><span class='ocrx_word' id='word_1_286' title='bbox 313 3437 349 3474; x_wconf 72' lang='lat' dir='ltr'>n</span> <span class='ocrx_word' id='word_1_287' title='bbox 400 3353 843 3491; x_wconf 53' lang='lat' dir='ltr'>38⁷6)[pSer4·vg}tum</span> <span class='ocrx_word' id='word_1_288' title='bbox 879 3368 966 3421; x_wconf 83' lang='lat' dir='ltr'>ap.</span> <span class='ocrx_word' id='word_1_289' title='bbox 1004 3354 1043 3407; x_wconf 85' lang='lat' dir='ltr'><strong>J</strong></span> <span class='ocrx_word' id='word_1_290' title='bbox 1044 3353 1227 3422; x_wconf 79' lang='lat' dir='ltr'>oseph.</span> <span class='ocrx_word' id='word_1_291' title='bbox 1267 3360 1507 3409; x_wconf 85' lang='lat' dir='ltr'>extremo</span> <span class='ocrx_word' id='word_1_292' title='bbox 1526 3356 1661 3422; x_wconf 90' lang='lat' dir='ltr'>loco,</span> <span class='ocrx_word' id='word_1_293' title='bbox 1698 3370 1857 3422; x_wconf 88' lang='lat' dir='ltr'>quem</span> <span class='ocrx_word' id='word_1_294' title='bbox 1878 3369 2042 3421; x_wconf 82' lang='lat' dir='ltr'>supra</span> <span class='ocrx_word' id='word_1_295' title='bbox 2058 3353 2318 3422; x_wconf 88' lang='lat' dir='ltr'>descripsi</span> 
     </span>
    </p>
   </div>
  </div>
 </body>
</html>
