2734 4000
1217 230 1577 283 ..29—

395 384 655 438 veterum
696 378 873 437 etiam
913 377 1230 438 doctissimi
1268 377 1528 438 homines
1555 393 1686 436 sese
1712 375 1913 436 faciles
1940 377 2396 451 praebebant12).

392 456 559 516 Adeo
600 455 744 513 nihil
785 460 875 514 est
913 456 974 513 in
1009 455 1128 527 his,
1185 454 1340 526 quod
1390 455 1640 515 colorari
1677 471 1792 514 non
1831 456 2017 528 possit
2054 455 2395 513 ratiunculis
2419 473 2473 512 49

393 532 738 605 quibusdam
778 537 838 591 et
863 532 1183 591 simulacris
1203 531 1650 605 probabilitatis,
1679 532 1730 590 si
1755 532 1926 592 modo
1952 538 2277 605 temporum
2300 548 2395 591 ra-

391 611 580 670 tiones
618 615 681 668 et
713 616 1008 669 auctorem
1033 607 1206 667 fidem
1234 609 1312 667 ad
1336 609 1567 668 libitum
1595 615 1656 666 et
1680 609 1975 680 ingenium
2000 616 2161 667 tuum
2187 607 2393 680 fingas.

393 689 607 742 Mirum
657 696 760 759 est,
810 685 998 758 inquit
1047 685 1270 743 Plinius
1286 729 1302 757 ,
1355 705 1460 757 quo
1513 688 1777 757 procedat
1819 687 2032 741 Graeca
2070 688 2362 742 credulitas
2378 708 2395 740 .-

392 767 604 819 nullum
641 772 754 818 tam
790 764 1071 835 impudens
1108 764 1444 819 mendacium
1484 771 1577 830 cst,
1620 763 1766 832 quod
1801 772 1925 818 teste
1961 772 2165 819 careat.

1297 1008 1510 1085 XIV.

546 1179 678 1239 Non
727 1180 923 1252 placet
958 1179 1206 1240 historia
1244 1180 1350 1238 tali
1390 1179 1560 1241 modo
1602 1182 1898 1239 ementita.
1979 1182 2168 1254 Igitur
2203 1184 2396 1242 mitta-

390 1273 517 1315 mus
545 1254 677 1315 falsi
701 1256 988 1317 Herodoti
1007 1256 1327 1328 Phemium,
1362 1256 1610 1317 Diodori
1653 1263 1713 1316 et
1739 1258 1981 1317 aliorum
2009 1258 2395 1332 Pronapiden,

392 1333 816 1394 commenticios
855 1334 1098 1393 Homeri
1137 1331 1854 1411 γραμματοδιδασκάλους,
1893 1352 2022 1393 cum
2072 1335 2225 1395 ludis
2276 1338 2395 1395 suis

389 1409 697 1483 librisque,
753 1416 814 1469 et
862 1427 932 1470 ea
973 1427 1401 1486 expromamuS,
1452 1427 1601 1483 quae
1638 1428 1742 1472 nos
1784 1411 2075 1471 adducant
2115 1419 2175 1471 et
2211 1430 2395 1487 prope
2420 1440 2472 1478 ω

1098 1495 1295 1580 Ναὶ

530 1640 601 1707 1²)
635 1639 856 1705 Loquor
887 1637 1223 1705 potissimum
1247 1635 1312 1690 de
1337 1635 1671 1705 temporibus
1692 1636 1893 1692 liberae
1917 1636 2193 1706 Graeciae,
2230 1656 2394 1709 quum

390 1710 550 1776 longe
587 1706 696 1761 alia
731 1704 1030 1760 studiorum
1065 1704 1301 1759 conditio
1338 1712 1498 1773 esset,
1536 1720 1697 1774 quam
1729 1721 1869 1785 quae
1906 1703 2099 1761 deinde
2136 1708 2392 1762 successit

388 1776 612 1830 inducta
645 1774 990 1844 πολυμαθείᾳ
1025 1771 1415 1827 Alexandrina.
1450 1773 1540 1828 Illi
1575 1788 1897 1842 superiores,
1932 1774 1989 1827 in
2024 1775 2159 1844 foro,
2194 1792 2301 1830 non
2336 1777 2392 1829 in

391 1846 619 1899 secretis
653 1842 934 1897 litterariis
969 1843 1212 1896 viventes
1264 1842 1521 1896 falsarum
1556 1841 1865 1896 tabularum
1901 1849 1958 1895 et
1993 1844 2392 1912 suppositorum

385 1918 839 1968 testamentorum
874 1910 1156 1964 fraudibus
1190 1881 1481 1965 odorandis
1516 1925 1646 1965 occu
1689 1909 1915 1964 atissimi
1953 1920 2123 1980 erant,
2148 1913 2391 1980 supposi-

389 1990 569 2036 torum
605 1979 866 2035 librorum
902 1995 1088 2059 curam
1123 1979 1236 2034 fere
1264 1978 1597 2059 omittebant.
1633 1926 1686 2032 13
1687 1995 1775 2033 am
1810 1994 1950 2046 quae
1976 1994 2045 2034 ex
2066 1979 2170 2035 hoc
2193 1995 2391 2049 genere

388 2049 702 2118 prodierant
751 2050 980 2117 scripta,
1029 2065 1086 2102 1n
1132 2048 1199 2102 iis
1233 2064 1342 2102 non
1377 2054 1490 2102 tam
1525 2047 1660 2101 illud
1732 2047 2055 2115 uaerebant,
2101 2064 2170 2102 an
2207 2065 2392 2103 eorum

389 2124 585 2184 essent,
610 2116 804 2186 quibus
825 2117 988 2184 vulgo
1012 2116 1396 2177 tribuerentur,
1421 2132 1581 2183 quam
1606 2116 1697 2195 qui
1760 2115 1893 2169 utile
1924 2123 1979 2169 et
2002 2117 2147 2172 lectu
2172 2117 2391 2185 dignum

387 2187 611 2241 ferrent.
682 2184 757 2239 Ut
790 2178 1140 2239 Demostheni
1175 2184 1323 2239 Orat.
1357 2185 1403 2238 Ι.
1440 2186 1496 2237 in
1531 2184 1797 2253 Aristog,
1843 2184 1889 2237 si
1943 2191 2124 2238 tamen
2158 2185 2253 2239 illa
2286 2185 2392 2239 De·

386 2254 683 2309 mosthenis
718 2260 817 2321 est,
853 2253 1176 2307 sententiam
1212 2252 1481 2320 quandam
1499 2252 1713 2306 nomine
1738 2251 1943 2319 Orphei
1978 2253 2215 2308 excitare
2241 2253 2393 2307 licuit

388 2338 460 2376 ex
493 2322 706 2391 Hymno
728 2361 743 2389 ,
791 2322 884 2389 qui
929 2321 1158 2375 fortasse
1205 2321 1415 2375 duobus
1461 2321 1688 2375 saeculis
1735 2320 1916 2386 [immo
1951 2322 2022 2374 tri
2060 2322 2113 2376 lo
2148 2321 2394 2391 pluribus

386 2397 529 2459 post.
564 2389 788 2444 Lobeck
822 2388 945 2457 Agl.
987 2394 1011 2442 1
1049 2404 1103 2457 p.
1140 2391 1282 2510 397.l
1319 2396 1445 2442 ante
1484 2403 1542 2442 se
1577 2390 1810 2457 scriptus
1846 2396 1980 2442 erat.
2045 2396 2208 2459 taque
2245 2390 2392 2444 Cice-

387 2460 510 2512 roni
544 2465 600 2512 et
635 2457 755 2511 aliis
808 2474 972 2526 quum
996 2465 1240 2512 veterum
1284 2457 1523 2512 ibi-orum
1545 2467 1794 2510 auctores
1816 2458 2109 2525 nominant,
2144 2475 2253 2513 non
2277 2465 2393 2511 tan-

387 2537 505 2580 tum
526 2525 742 2580 tribuen
779 2542 868 2579 um
886 2531 984 2593 est,
1009 2532 1269 2594 quantum
1292 2525 1535 2594 plerique
1560 2531 1863 2579 nostrorum
1880 2525 2153 2580 hominum
2171 2527 2391 2592 faciunt,

387 2595 492 2649 nisi
526 2594 621 2648 ubi
655 2594 735 2647 illi
770 2610 883 2647 rem
917 2601 1169 2648 accurate
1207 2610 1264 2648 se
1301 2592 1611 2662 explorasse
1647 2600 1743 2647 aut
1776 2593 2051 2660 sagacium
2075 2593 2392 2648 Criticorum

387 2662 588 2717 iudicia
633 2662 787 2732 sequi
823 2660 1108 2716 affirmant.
1179 2660 1352 2729 Quam
1388 2661 1581 2715 leviter
1615 2668 1796 2714 autem
1829 2661 1934 2715 hoc
1970 2677 2124 2716 omne
2162 2677 2330 2730 genus
2359 2679 2394 2714 a

389 2731 709 2786 doctissimis
741 2730 871 2784 viris
906 2730 1032 2784 olim
1067 2737 1377 2798 tractatum,
1436 2736 1491 2782 et
1526 2735 1785 2798 quantum
1820 2729 1876 2782 in
1911 2729 2176 2784 facillimis
2209 2730 2393 2796 liuius-

387 2798 538 2853 modi
573 2797 976 2868 quaestionibus
1012 2805 1252 2852 erratum
1288 2797 1374 2866 sit,
1427 2797 1667 2865 ipsorum
1704 2804 1945 2851 veterum
1980 2797 2165 2866 plures
2199 2796 2324 2851 inde
2359 2814 2393 2851 a

388 2867 646 2936 Dionysio
679 2867 853 2921 Halic.
891 2865 1102 2935 docent,
1139 2867 1445 2934 certiusque
1482 2872 1752 2920 constaret
1787 2864 1854 2918 de
1892 2881 1959 2920 ea
1991 2882 2070 2933 re,
2106 2866 2151 2919 si
2175 2868 2394 2926 πίνακες

390 2942 448 2989 et
482 2936 577 2990 alii
611 2935 783 2989 critici
816 2934 986 2989 libelli
1007 2934 1494 2989 Alexandrinorum
1520 2940 1879 3013 superessent.
1914 2936 1965 2988 A
1989 2934 2181 3003 quibus
2203 2935 2392 2989 moniti

386 3004 615 3072 posthac
649 3003 841 3072 optimi
874 3003 1165 3071 scriptores
1187 3018 1351 3071 saepe
1377 3001 1741 3057 dubitationes
1763 3000 2106 3070 interponere
2130 3002 2304 3057 solent
2321 3002 2390 3055 de

388 3072 712 3126 auctoritate
749 3072 1023 3139 librorum,
1061 3087 1289 3140 quorum
1323 3070 1457 3125 locis
1480 3077 1538 3123 et
1559 3070 1879 3124 testimoniis
1902 3077 2143 3125 utuntur.
2179 3070 2284 3125 Sed
2307 3070 2384 3124 fa-

390 3141 539 3194 ciunt
572 3139 630 3193 id
664 3138 933 3194 rarissime
969 3156 1035 3194 ea
1068 3155 1214 3207 cura,
1251 3155 1360 3208 qua
1394 3155 1536 3193 nunc
1572 3138 1627 3191 in
1661 3137 1748 3191 his
1782 3138 1945 3192 rebus
1968 3154 2104 3207 opus
2124 3153 2241 3192 esse
2266 3153 2390 3192 cen-

388 3223 582 3263 semus.
652 3206 882 3274 Quidam
926 3208 1090 3261 etiam
1142 3207 1461 3276 simpliciter
1511 3213 1568 3259 et
1611 3205 1762 3260 nulla
1807 3206 2108 3274 suspicione
2153 3206 2389 3263 indicata

387 3275 623 3330 afferunt
668 3282 883 3330 veteres
928 3275 1119 3343 libroS,
1166 3291 1396 3344 quorum
1442 3272 1662 3328 fraudes
1707 3274 1814 3328 iam
1850 3273 2047 3328 dudum
2084 3273 2388 3343 patefactas

387 3343 650 3412 aequaevi
687 3345 970 3398 testantur.
1042 3342 1184 3410 Quin
1219 3344 1384 3397 etiam
1420 3350 1561 3411 sunt,
1597 3342 1690 3409 qui
1725 3341 1890 3396 libros
1923 3343 2122 3421 passim
2156 3342 2388 3410 vulgari-

375 3406 492 3465 bus
527 3406 701 3467 titulis
737 3417 795 3466 et
827 3411 1130 3466 nominibus
1164 3410 1395 3466 afferant
1460 3425 1597 3479 quae
1633 3409 1795 3464 iidem
1829 3408 1974 3478 alib1,
2008 3426 2387 3479 nonnunquam

388 3480 447 3533 in
484 3479 674 3535 iisdem
711 3479 948 3550 scriptis,
983 3486 1046 3534 ut
1079 3494 1290 3534 errores
1323 3496 1358 3533 v
1422 3479 1476 3547 gi
1510 3493 1580 3532 ex
1615 3477 1879 3533 industria
1913 3485 2163 3547 arguunt.
