2734 4000
1187 222 1542 274 -25-

358 387 499 429 usus
540 376 711 443 esset,
753 369 1107 429 amatoribus
1133 366 1480 445 πσῳαδόξων
1504 371 1724 428 nullum
1747 370 2029 444 pudorem
2057 385 2362 444 superesse

359 448 782 506 clamavissent.
820 448 943 505 Iam
985 446 1218 519 ingenia
1256 451 1614 506 vetustorum
1652 454 2146 507 monumentorum
2187 448 2360 506 altius

358 525 648 597 inspicere
688 525 1001 596 coepimus,
1043 529 1389 595 servataque
1418 524 1783 583 severissima
1801 525 1933 597 lege
1959 525 2256 595 historiae,
2298 531 2363 581 ut

356 616 468 659 1160
507 617 646 659 vera
685 607 745 659 et
783 601 1132 673 incorruptis
1171 600 1421 659 testibus
1460 600 1689 660 firmata
1714 602 1775 658 111
1815 600 2049 661 dubium
2076 617 2360 673 vocemuS,

355 693 468 736 1160
506 694 734 751 quoquo
773 677 942 737 modo
984 678 1176 735 relata
1215 684 1317 735 aut
1346 679 1596 736 cuiusvis
1624 680 1875 738 auctoris
1903 680 2129 739 nomine
2157 685 2362 739 ornata

356 769 464 827 pro
504 755 813 828 compertis
852 755 1189 823 habeamuS,
1226 771 1688 828 unamquamque
1725 772 1850 814 rem
1890 772 1962 814 ex
1987 757 2263 829 temporis
2291 772 2361 814 ac
2384 775 2438 814 42

356 831 470 890 loci
528 833 617 889 sui
674 832 996 891 rationibus
1061 837 1121 890 et
1178 831 1434 890 moribus
1493 831 1770 891 iudicare.
1848 834 1941 892 Ita
2000 833 2176 892 etiam
2213 833 2361 895 haec

359 906 630 967 Carmina
680 910 876 981 paullo
927 908 1264 981 diligentius
1295 910 1553 981 'cognita
1601 910 1998 969 admirandam
2046 909 2360 970 ostendunt

356 985 472 1043 vim
509 991 754 1044 naturae
795 993 971 1058 atque
997 986 1233 1058 ingenii,
1273 987 1554 1045 minorem
1580 988 1741 1053 artis,
1783 988 1998 1046 nullam
2023 987 2358 1046 reconditae

356 1061 654 1121 doctrinae
694 1067 756 1120 et
795 1064 1133 1135 exquisitae.
1215 1062 1486 1135 Quamvis
1527 1064 1679 1122 enim
1715 1064 1913 1123 hebeti
1939 1080 2112 1122 8611811
2142 1063 2358 1122 surdis·

329 1154 469 1210 ‚que
509 1139 744 1198 auribus
784 1140 877 1211 sit,
919 1141 1018 1210 qui
1044 1145 1229 1198 artem
1253 1141 1315 1197 in
1339 1140 1413 1198 iis
1438 1141 1654 1199 nullam
1681 1141 1914 1213 sentiat,
1954 1146 2157 1214 utpote
2185 1156 2357 1213 quam

348 1231 431 1283 ,ne
468 1215 529 1272 in
566 1232 836 1274 versuum
877 1215 1111 1288 quidem
1149 1218 1403 1275 numeris
1432 1216 1750 1276 doctissimi
1775 1218 2094 1276 imitatores
2121 1217 2353 1289 assequi

355 1293 680 1365 potuerint3
730 1309 957 1352 omnem
999 1297 1193 1351 tamen
1233 1300 1420 1352 artem
1457 1295 1615 1353 illam
1652 1300 1896 1353 naturae
1937 1293 2356 1366 quodammodo

352 1369 686 1442 propiorem
726 1386 855 1428 esse
895 1376 1162 1442 apparet,
1201 1387 1390 1442 neque
1431 1387 1503 1429 ex
1541 1370 1880 1443 disciplinae
1918 1371 2216 1430 cuiusdam
2243 1368 2356 1430 for—

353 1447 513 1504 mula
549 1448 878 1519 perscripta
916 1446 1098 1519 libris,
1141 1446 1245 1504 sed
1287 1463 1358 1505 ex
1396 1449 1590 1507 nativo
1634 1464 1807 1506 sensu
1844 1449 1991 1506 recti
2031 1454 2092 1506 et
2130 1449 2356 1506 venusti

274 1515 690 1589 *‚·„delibatam.
770 1523 839 1581 In
888 1524 998 1583 hoc
1050 1531 1110 1582 et
1159 1525 1289 1582 aliis
1345 1532 1508 1582 vates
1561 1525 1660 1582 ille
1698 1530 1922 1584 tantum
1963 1523 2145 1583 distat
2183 1542 2219 1583 a
2260 1525 2357 1582 811-

354 1600 633 1657 vestrium
672 1608 943 1659 coetuum
983 1600 1334 1673 cantoribuS,
1377 1606 1651 1672 quantum
1691 1618 1729 1659 a
1764 1602 1953 1674 poetis
1996 1601 2353 1660 eruditarum

356 1682 616 1734 aetatum
627 1676 695 1747 ⁹).
778 1678 907 1749 Qua
974 1677 1206 1749 quidem
1266 1678 1516 1736 rectiore
1568 1678 1990 1737 existimatione
2041 1679 2201 1736 velut
2250 1696 2353 1737 suo
2380 1697 2430 1737 43

353 1753 483 1811 loco
522 1754 838 1826 reposituS‚
894 1762 953 1812 et
991 1755 1185 1812 multis
1229 1760 1434 1813 exutus
1473 1754 1927 1829 impedimentis,
1978 1755 2183 1828 quibus
2225 1771 2356 1813 eum

356 1829 517 1888 docti
557 1831 690 1889 olim
730 1829 962 1890 honoris
1004 1848 1182 1890 causa
1221 1840 1637 1902 oneraverant,
1686 1833 1784 1903 qui
1834 1834 2111 1905 optimum
2160 1837 2355 1891 aucto-

355 1922 481 1964 rem
520 1907 940 1980 pulcherrimae
982 1909 1126 1966 artis
1165 1909 1386 1967 nollent
1424 1910 1736 1982 quidquam
1773 1911 2016 1981 nescire,
2058 1909 2211 1980 quod
2251 1926 2355 1968 suo

325 1983 614 2057 ·ipsorum
665 2002 806 2044 aevo
858 1985 933 2044 ad
983 1986 1199 2044 cultum
1260 1987 1469 2044 artium
1512 1993 1572 2045 et
1597 1985 1935 2062 munditiem
1976 1985 2159 2045 civilis
2200 1986 2356 2046 vitae

352 2058 689 2135 referretur,
744 2062 899 2135 apud
942 2079 1152 2135 gnaros
1192 2079 1387 2121 rerum
1427 2071 1487 2122 et
1524 2064 1916 2137 intelligentes
1956 2081 2102 2124 novo
2143 2062 2354 2123 decore

351 2144 411 2196 et
451 2139 641 2209 gratia
681 2137 950 2199 effloruit.

487 2371 533 2439 9)
570 2371 754 2438 Ipsum
789 2370 893 2425 1100
930 2387 1125 2425 nomen
1157 2379 1354 2438 poetae,
1392 2372 1635 2440 ignotum
1658 2373 1783 2427 olim
1807 2374 2020 2436 ἀοιδοῖς,
2057 2373 2163 2426 vim
2185 2372 2352 2426 habet

354 2441 657 2506 operosioris
701 2440 909 2494 laboris.
983 2440 1066 2494 De
1120 2440 1333 2508 vulgari
1378 2458 1479 2494 usu
1529 2441 1757 2495 nominis
1793 2442 2024 2495 libenter
2059 2440 2350 2509 accipimus

353 2505 684 2561 notationem
718 2506 960 2561 Platonis
1009 2508 1251 2577 SympOS.
1288 2524 1340 2576 p.
1378 2512 1494 2562 205.
1545 2509 1602 2563 C.
1641 2509 1843 2577 Steph.,
1876 2509 2104 2562 multum
2138 2508 2349 2577 praefe-

348 2575 569 2629 rendam
606 2575 699 2643 illi,
737 2590 806 2628 ex
878 2592 950 2629 ua
984 2592 1158 2644 nuper
1190 2576 1534 2656 Francogalli
1570 2577 1785 2645 quidam
1821 2577 2067 2645 poeticae
2102 2583 2350 2631 naturam

351 2643 630 2697 docebant.
704 2642 856 2697 Voca
894 2645 1040 2697 ulum
1065 2660 1194 2698 vero
1229 2650 1500 2712 posterlus
1535 2646 1748 2700 videtur
1783 2647 1900 2713 ipso
1936 2645 2202 2713 Hesiodo,
2249 2649 2374 2699 nec'

349 2719 475 2766 ante
510 2719 817 2781 receptum,
874 2728 1037 2779 quam
1083 2713 1286 2766 musica
1338 2714 1407 2766 ab
1444 2720 1560 2767 arte
1596 2714 1869 2783 pangendi
1904 2713 2152 2768 carminis
2186 2713 2380 2796 vulgo,

350 2779 533 2834 divelli
568 2780 851 2849 coepisset.
889 2781 1009 2846 Qua
1045 2780 1111 2835 de
1146 2798 1205 2834 re
1243 2781 1372 2835 alibi
1408 2798 1679 2850 quaeram.
1715 2782 1820 2835 Sed
1854 2782 2148 2836 Hesiodum
2185 2798 2348 2849 quum

350 2848 488 2915 dico,
524 2864 681 2902 omne
701 2848 835 2902 illud
860 2856 1073 2917 tempus
1096 2850 1361 2928 intelligo,
1384 2850 1440 2903 in
1464 2852 1609 2918 quod
1631 2850 2023 2905 Hesiodeorum
2045 2865 2183 2918 quae
2207 2866 2349 2903 nunc

349 2916 598 2970 feruntur
632 2933 857 2985 operum
892 2918 1157 2971 confectio
1196 2917 1401 2971 incidit.
1471 2918 1595 2973 Non
1630 2920 1723 2973 uni
1760 2919 1900 2972 enim
1935 2918 2029 2972 illa
2063 2918 2348 2972 tribuenda

349 2999 466 3038 esse
543 2992 684 3051 atet;
722 2993 778 3038 et
812 2987 979 3039 multo
1016 2986 1174 3053 plura
1211 2986 1424 3040 nomine
1463 2988 1578 3040 eius
1613 2987 1927 3043 ferebantur
1950 2987 2096 3055 apud
2118 2994 2346 3040 veteres.

345 3053 414 3106 In
450 3001 662 3121 Ἐἓγοις
714 3054 818 3107 1001
876 3059 1000 3108 sunt
1045 3053 1200 3108 multi
1254 3057 1388 3124 πίνῳ
1438 3056 1777 3111 venerandae
1812 3056 2098 3110 vetustatis
2134 3055 2345 3123 signati.

349 3121 663 3190 Theogonia
697 3128 880 3176 autem
905 3130 960 3176 et
984 3123 1204 3176 Scutum
1231 3123 1392 3176 Herc.
1419 3129 1475 3176 et
1490 3125 1724 3178 maxima
1748 3140 1876 3193 pars
1895 3140 2095 3190 eorum,
2120 3140 2346 3191 quorum

344 3188 534 3243 brevia
568 3189 652 3243 fra
690 3197 872 3244 menta
908 3198 1211 3259 supersunt,
1247 3191 1542 3245 Homerum
1578 3198 1694 3246 toto
1731 3200 1876 3248 certe
1914 3191 2126 3246 saeculo
2165 3190 2345 3245 subse-

348 3264 602 3324 quuntur.
693 3258 815 3312 uius
849 3259 931 3312 rei
966 3265 1282 3327 argumento
1320 3266 1404 3313 est
1429 3300 1442 3327 ‚
1490 3261 1635 3328 quod
1680 3262 1736 3315 in
1782 3263 1848 3314 iis
1882 3261 2065 3327 plures
2100 3259 2345 3314 notiones

345 3341 518 3381 novae
574 3333 789 3381 exstant
844 3334 900 3381 et
955 3327 1281 3381 imitationes
1336 3328 1574 3382 locorum
1610 3330 2032 3397 Homericorum,
2068 3328 2124 3380 in
2158 3328 2345 3396 primis

346 3401 613 3449 terrarum
651 3402 706 3449 et
740 3397 1064 3463 populorum
1100 3398 1311 3450 auctior
1345 3402 1403 3449 et
1439 3398 1757 3465 explicatior
1790 3396 1997 3451 notitia.
2070 3395 2169 3467 [Cf.
2208 3395 2344 3451 Voss

345 3462 573 3530 Mythol.
611 3464 700 3518 Br.
737 3464 807 3518 11.
845 3480 898 3532 p.
936 3469 1021 3520 95.
1060 3471 1115 3518 61
1151 3465 1291 3522 infra
1326 3482 1377 3520 n.
1414 3468 1521 3534 59]
