2734 4000
1124 243 1482 301 ...57-

1187 478 1440 554 XXII.

462 627 574 684 Hic
614 642 850 699 prorsus
892 624 1057 685 obliti
1108 625 1318 683 scrinia
1355 631 1554 685 nostra
1583 632 1643 685 et
1665 626 2064 698 bibliothecaS‚
2106 627 2310 698 quibus

300 719 453 761 nunc
490 703 815 762 studiorum
867 702 1275 775 immortalitas
1328 708 1576 775 constat,
1624 705 2040 762 transvolemus
2080 703 2213 761 hinc
2252 705 2312 761 in

307 781 427 838 alia
465 785 728 855 tempora
769 785 829 837 et
868 781 927 836 in
959 779 1138 836 alium
1159 778 1357 838 orbem
1383 796 1594 852 rerum,
1633 781 1734 839 ubi
1760 784 1846 839 tot
1870 781 2120 852 inventa,
2163 796 2312 852 quae

307 856 473 916 nobis
514 856 783 914 videntur
821 855 897 914 ad
936 855 1111 914 beate
1151 856 1455 914 vivendum
1480 856 1809 915 necessaria
1836 872 1981 929 esse,
2023 873 2059 915 a
2086 858 2312 930 sapien-

305 933 463 991 tibus
504 933 764 992 omnibus
806 939 867 991 et
906 932 1099 990 stultis
1143 932 1575 1004 ignorabantur.
1657 933 1846 1005 Quid?
1898 933 2051 1004 quod
2098 950 2172 991 ne
2212 951 2312 994 no·

307 1010 477 1068 minis
516 1009 749 1082 quidem
788 1009 1194 1068 immortalitas
1235 1014 1358 1067 tum
1399 1026 1726 1082 quenquam
1765 1010 2064 1082 impellere
2102 1012 2310 1084 potuit,

305 1092 374 1146 ut
414 1087 470 1144 ei
508 1086 803 1145 duraturis
843 1087 1224 1146 monumentis
1266 1087 1653 1159 prospiceret3
1712 1087 1888 1158 idque
1946 1088 2019 1146 de
2058 1086 2311 1147 Homero

307 1161 569 1235 credere,
611 1168 816 1236 optare
846 1169 952 1236 est,
996 1174 1112 1222 non
1138 1161 1310 1222 fidem
1335 1161 1548 1222 facere.
1609 1165 1759 1223 Nam
1786 1163 1886 1223 ubi
1910 1164 1961 1221 is
1987 1166 2092 1223 tali
2119 1164 2310 1224 studio

307 1256 373 1299 se
410 1241 597 1299 teneri
634 1238 961 1312 significat?
991 1240 1094 1299 ubi
1120 1239 1537 1312 professionem
1559 1240 1856 1310 eiusmodi,
1884 1243 2094 1300 ceteris
2121 1242 2310 1314 poetis

307 1324 429 1376 tam
468 1316 846 1389 frequentem,
917 1316 1056 1390 edit,
1126 1322 1228 1375 aut
1268 1318 1476 1376 callide
1517 1318 1882 1376 dissimulat?
1950 1317 2309 1377 Carminibus

309 1394 542 1465 quidem
583 1395 806 1452 scelera
848 1399 907 1452 et
940 1394 1245 1467 praeclara
1270 1392 1528 1454 facinora
1545 1393 1734 1453 famae
1759 1393 1915 1454 tradi
1942 1410 2117 1467 saepe
2143 1410 2310 1467 prae-

306 1471 484 1543 dicat,
533 1477 596 1529 at
646 1470 801 1529 idem
840 1472 1215 1530 novissimum
1258 1470 1504 1530 Carmen
1544 1472 1616 1530 ab
1659 1470 2024 1531 audientibus
2065 1471 2311 1531 maxime

307 1547 593 1607 celebrari
641 1546 862 1607 fatetur
873 1547 965 1619 ⁵⁶).
1046 1548 1290 1607 Omnino
1331 1553 1527 1607 autem
1567 1550 1708 1607 satis
1747 1549 1952 1608 habuit
1988 1548 2090 1607 illa
2128 1553 2309 1621 aetas,

313 1625 479 1696 quasi
518 1625 623 1683 sub
664 1626 899 1682 nutrice
940 1624 1195 1683 ludendo
1207 1624 1281 1696 ⁵⁷)
1334 1630 1395 1683 et
1434 1625 1611 1683 divini
1650 1625 1867 1698 ingenii
1905 1626 2181 1697 impetum
2221 1641 2309 1684 se-

311 1700 556 1773 quendo,
584 1717 679 1760 res
707 1701 1122 1774 pulcherrimas
1156 1702 1408 1775 experiri
1430 1708 1489 1761 et
1508 1702 1584 1760 ad
1604 1703 1847 1761 aliorum
1867 1701 2310 1761 oblectationem

309 1777 597 1851 prodere:
626 1777 952 1837 mercedem
980 1779 1030 1836 si
1057 1795 1228 1850 quam
1255 1779 1445 1851 petiit,
1473 1780 1710 1851 plausus
1737 1776 1846 1837 fuit
1875 1784 1934 1837 et
1951 1780 2078 1838 laus
2100 1794 2309 1850 aequa·
2334 1792 2384 1830 9⁵

309 1855 450 1912 lium
495 1855 819 1914 auditorum
838 1900 853 1927 ‚
903 1856 1189 1928 praemia,
1240 1857 1290 1914 si
1341 1857 1530 1928 poetis
1570 1855 1883 1926 credimu3‚
1939 1856 2307 1929 amplissima,

313 1933 598 2005 longeque
640 1932 899 2005 gratiora
938 1948 1270 2006 papyracea
1307 1932 1756 1992 immortalitate.
1833 1932 2067 1991 Etenim
2094 1939 2310 2005 quanta

311 2008 695 2069 admiratione
736 2015 857 2067 tum
900 2016 959 2068 et
998 2011 1112 2083 ipsi
1150 2015 1313 2068 vates
1356 2015 1416 2068 et
1455 2017 1656 2069 cantus
1698 2026 1894 2068 eorum
1921 2011 2149 2082 excepti
2176 2011 2307 2080 sint,

310 2091 558 2159 apparet
595 2086 808 2159 partim
850 2103 920 2145 ex
960 2087 1032 2144 iis
1053 2087 1197 2146 locis
1224 2085 1520 2146 Homerici
1561 2086 1864 2157 Carminis,
1903 2087 2003 2145 ubi
2037 2086 2308 2144 Phemius

306 2167 368 2221 et
386 2162 751 2222 Demodocus
778 2169 1050 2222 canentes
1078 2163 1428 2222 inducuntur
1438 2163 1531 2236 ⁵⁸),
1560 2165 1772 2237 partim
1800 2179 1872 2221 ex
1897 2162 2308 2223 iucundissimo

310 2240 412 2299 illo
450 2256 711 2299 sermone
738 2240 1015 2313 Platonis,
1056 2241 1117 2298 in
1158 2257 1270 2312 quo
1297 2241 1361 2300 Io
1404 2240 1725 2318 rhapsodus
1761 2257 1965 2298 munus
1995 2246 2054 2299 et
2079 2256 2309 2298 scenam

314 2332 478 2374 suam
505 2316 798 2375 describit.
866 2319 1014 2376 Nam
1043 2318 1193 2376 sicut
1211 2317 1306 2375 hic
1334 2323 1462 2376 arte
1490 2317 1736 2389 quadam
1766 2315 1991 2375 efficere
2020 2333 2082 2375 se
2110 2316 2308 2388 iactat,

316 2398 383 2451 ut
419 2398 546 2452 tota
582 2393 814 2452 theatra
852 2411 1189 2466 quocunque
1218 2394 1430 2453 affectu
1454 2393 1733 2467 ferantur,
1778 2400 1845 2454 ut
1870 2410 2020 2452 nunc
2045 2394 2311 2452 lacrimas

318 2468 592 2539 fundant,
642 2486 790 2528 nunc
838 2472 1016 2531 torvis
1067 2472 1248 2531 oculis
1290 2471 1795 2544 circumspectent‚
1848 2487 1999 2529 nunc
2039 2470 2311 2543 gaudium

316 2546 567 2619 prodant
606 2546 878 2620 vultu⁵⁹);
940 2550 1025 2607 ita
1063 2549 1173 2607 hoc
1212 2548 1393 2608 multo
1433 2550 1618 2620 magis
1660 2554 1720 2607 et
1755 2554 2000 2607 naturae
2039 2548 2311 2621 propiore

317 2628 446 2681 arte
506 2622 771 2682 effectum
825 2630 916 2683 est
965 2642 1001 2683 a
1052 2624 1279 2683 vatibus
1328 2626 1488 2697 ipsis.
1571 2624 1687 2684 Sed
1728 2642 1902 2697 quum
1939 2623 2063 2683 fere
2103 2625 2310 2696 omnia,

317 2716 468 2772 quae
509 2699 582 2758 de
622 2700 927 2773 rhapsodis
956 2702 1303 2774 accepimus,
1343 2702 1650 2774 plurimum
1677 2700 1975 2761 conferant
2001 2700 2075 2761 ad
2104 2717 2311 2773 cogno·
2386 2762 2390 2766 ⁴

442 2867 514 2933 56)
548 2866 754 2936 odyss,
773 2882 824 2916 α.
861 2868 978 2918 351.

449 2952 519 3019 ⁵⁷)
556 2949 707 3004 Conf.
744 2949 992 3019 egregios
1028 2962 1217 3001 versus
1251 2948 1382 3002 Hor.
1419 2948 1596 3016 Epist.
1633 2948 1704 3013 ΙΙ,
1744 2952 1790 3013 1,
1826 2951 1908 3001 93.
1934 2961 2048 3014 sqq.
2086 2946 2141 2999 in
2177 2960 2311 3013 quos

320 3018 687 3074 commentarii
723 3035 876 3072 usum
911 3015 1139 3086 praebet
1175 3017 1504 3085 sagacissimi
1541 3015 1725 3071 Garvii
1758 3015 1909 3085 Disp.
1964 3015 2313 3082 Betrachtunq

323 3089 517 3155 einiger
561 3087 1060 3139 Vorsclniedenheiten
1096 3086 1155 3136 in
1193 3087 1295 3137 dm
1341 3086 1557 3139 Werken
1595 3089 1689 3138 der
1727 3087 1938 3138 {ille-seen
1973 3082 2084 3134 und
2116 3099 2312 3134 nouem

321 3156 702 3223 Schrittsteller,
740 3154 974 3223 repetita
1007 3152 1064 3206 in
1102 3152 1428 3209 Collectione
1462 3153 1610 3221 Lips.
1652 3153 1748 3209 177
1753 3159 1805 3211 9.

447 3242 519 3306 ⁵⁸)
553 3240 741 3311 Odyss.
781 3258 832 3293 a.
870 3244 987 3295 326.
1026 3256 1145 3309 sqq.
1178 3243 1235 3295 θ.
1276 3244 1357 3294 62.
1397 3254 1510 3308 sqq.
1549 3259 1604 3309 ρ.
1642 3243 1759 3293 518.
1796 3252 1909 3305 sqq.
1948 3240 2049 3291 etc.

460 3327 531 3395 ⁵9)
572 3323 621 3379 K
623 3327 811 3395 αθορῶ
886 3327 1151 3379 ἑκάστοτε
1224 3325 1427 3385 αὐτοὺς
1493 3320 1705 3377 ἄνωθεν
1759 3323 1867 3376 ἀπὸ
1902 3326 2001 3377 τοῦ
2066 3322 2313 3393 βήματος

318 3394 611 3454 κλαίοντάς
643 3412 707 3446 τε
731 3394 816 3445 καὶ
834 3395 1010 3448 δεινὸν
1037 3393 1413 3460 ἐμβλέποντας
1435 3392 1523 3444 καὶ
1546 3391 2004 3458 συνὺαμβοῦντας
2026 3393 2139 3451 τοῖς
2161 3390 2310 3459 Alaro-

320 3464 519 3528 μένοις.
555 3462 685 3530 Pag.
721 3465 837 3518 535.
872 3461 939 3518 Ε.
975 3469 1049 3552 εἰ.
1066 3462 1195 3517 alibi
1228 3462 1282 3517 in
1319 3476 1385 3516 eo
1420 3460 1562 3516 Dial.
