2734 4000
1219 233 1584 287 -146-

415 381 626 442 deinde
652 370 862 441 mansit
889 381 1050 457 apud
1078 380 1517 455 GrammaticoS,
1549 398 1624 440 ex
1651 381 1858 453 quibus
1883 381 1944 439 in
1971 380 2213 441 Scholiis
2241 397 2422 454 saepe

414 476 723 520 consensus
750 460 1078 533 scripturae
1106 460 1407 530 utriusque
1433 464 1678 519 notatur
1689 457 1783 531 ²⁰),
1810 458 1950 517 alibi
1975 459 2115 529 quid
2133 459 2321 517 altera
2344 458 2420 517 ab

312 546 387 589 ²⁸8
419 539 605 596 altera
644 535 874 596 differat
883 535 978 609 ²1),
1022 537 1209 595 rarius
1251 537 1355 617 iffi
1397 541 1464 593 ut
1500 532 1855 613 προέκᾶρρς
1891 535 1966 601 ab
1992 531 2299 602 ἐπεκὸόσει
2336 535 2423 599 di-

419 611 853 687 stingmirv).
932 615 1139 686 Neque
1178 629 1315 672 vero
1355 629 1465 686 per
1502 629 1572 671 se
1612 611 1991 686 improbabile
2031 619 2138 684 est,
2180 610 2423 671 eandem

413 707 537 750 rem
575 688 781 750 fecisse
820 690 1240 762 Aristarchum,
1281 705 1456 762 quam
1495 688 1642 748 fecit
1680 689 2019 763 Apollonius
2058 689 2320 748 Rhodius
2363 695 2425 747 et

409 768 511 828 alii
545 773 753 841 postea
789 785 904 827 non
942 769 1131 841 pauci,
1172 768 1402 840 scriptis
1444 768 1564 825 suis
1604 767 1817 825 iterum
1852 764 2125 824 limandis
2165 772 2225 825 et
2251 767 2424 824 casti-

416 844 736 918 gatioribus
778 845 1037 904 edendis,
1124 845 1465 915 Quanquam
1490 888 1508 915 ,
1562 859 1737 915 quum
1777 844 2040 917 praecise
2079 842 2139 901 id
2178 859 2426 915 negasse

417 923 683 981 videatur
707 921 1063 994 AmmoniuS,
1108 922 1299 994 gravis
1328 927 1552 992 auctor,
1598 918 1725 978 fieri
1754 922 1931 980 etiam
1949 919 2091 978 illud
2110 922 2317 993 potuit,
2357 925 2427 977 ut

415 999 508 1058 vel
536 1016 607 1059 ex
633 998 1056 1058 adnotamentis
1087 999 1454 1072 exemplariS,
1484 997 1800 1056 heredibus
1827 998 2035 1070 relicti,
2061 998 2151 1055 vel
2174 1014 2244 1055 ex
2261 997 2426 1054 libris

419 1076 988 1148 Commentariorum,
1017 1076 1110 1134 vel
1139 1092 1211 1134 ex
1237 1072 1474 1146 scholis,
1499 1075 1559 1132 in
1589 1074 1798 1146 quibus
1827 1075 2143 1134 sententias
2171 1090 2308 1133 suas
2337 1090 2428 1131 se-

417 1152 617 1213 cundis
639 1154 789 1211 curis
813 1154 1169 1225 retractarit,
1203 1153 1650 1216 concinnaretur
1672 1153 1936 1211 recensio
1958 1168 2108 1211 nova
2129 1156 2190 1209 et
2211 1151 2428 1223 passim

416 1231 648 1289 diversa
685 1247 721 1288 a
759 1231 982 1303 priore,
1040 1245 1210 1302 quam
1262 1230 1393 1302 ipse
1432 1229 1852 1301 publicaverat.
1931 1228 2061 1287 Hae
2099 1227 2430 1301 probabiles

418 1308 785 1368 coniecturae
824 1312 959 1365 sunt
1002 1306 1320 1367 doctissimi
1348 1306 1680 1366 Villoisonii
1692 1304 1787 1378 ²³),
1829 1305 2034 1376 quibus
2057 1305 2307 1364 libenter
2334 1321 2429 1363 ac·

419 1385 668 1458 quiesco.
748 1384 873 1443 Nec
912 1400 1133 1457 operae
1172 1384 1431 1457 pretium
1457 1389 1599 1457 puto
1631 1383 1875 1442 haerere
1901 1383 1963 1440 in
1989 1399 2076 1454 eo,
2117 1382 2270 1454 quod
2296 1381 2434 1439 Am-

417 1462 641 1521 monius
667 1462 779 1519 iste
798 1462 890 1519 vel
907 1460 1279 1532 PosidoniuS,
1310 1458 1613 1518 familiaris
1641 1466 1703 1519 et
1721 1464 2070 1532 anagnostes
2089 1458 2433 1531 Aristarchi,

419 1540 511 1598 vel
560 1538 926 1598 Ptolemaeus
980 1538 1318 1597 Ascalonita
1372 1538 1466 1595 vel
1519 1536 1801 1610 Didymus
1852 1537 2053 1610 paucis
2091 1535 2286 1594 verbis
2326 1552 2433 1595 nos

421 1616 717 1685 docerent,
757 1616 807 1674 si
850 1620 1165 1686 exstarent,
1205 1611 1371 1674 nobis
1419 1620 1635 1686 autem,
1678 1619 1744 1671 ut
1783 1613 1995 1673 similia
2029 1613 2241 1685 multa,
2279 1613 2435 1685 cogi-

420 1692 599 1752 tando
627 1697 703 1755 ,et
741 1691 1052 1751 divinando
1093 1690 1169 1749 ad
1207 1690 1500 1764 liquidum
1537 1691 1861 1765 perducere
1898 1707 2011 1750 non
2049 1691 2205 1748 licet.

574 1769 877 1842 Pergimus
919 1768 998 1828 ad
1040 1768 1495 1841 descriptionem
1522 1768 1876 1826 recensionis
1902 1767 2334 1838 Aristarcheae,
2375 1766 2437 1823 in

324 1876 399 1918 239
426 1853 700 1919 quantum
746 1847 850 1904 illa
891 1862 964 1904 ex
1007 1851 1126 1904 tam
1164 1846 1368 1919 paucis
1410 1844 1664 1917 indiciis,
1705 1844 1968 1903 adhibita
2005 1844 2337 1902 coniectura
2376 1848 2441 1901 et

427 1924 615 1983 animo
653 1924 713 1981 in
752 1924 870 1982 ista
908 1929 1181 1996 tempora
1220 1938 1523 1993 converso,
1566 1938 1603 1979 a
1641 1920 1804 1980 nobis
1842 1919 1969 1979 fieri
2005 1921 2240 1995 poterit.
2303 1919 2442 1978 Etsi

428 2002 597 2073 enim,
638 2006 704 2059 ut
740 2001 878 2073 dixi,
918 2001 1146 2059 nullum
1184 2005 1444 2058 veterum
1482 1999 1823 2058 Criticorum
1861 1999 2066 2057 melius
2105 1997 2439 2071 cognoveri-

426 2095 552 2137 mus
571 2077 928 2150 Aristarcho,
979 2083 1197 2150 tamen,
1225 2077 1276 2135 si
1304 2093 1420 2136 non
1449 2077 1673 2148 aliquot
1696 2076 2011 2149 particulas
2039 2076 2146 2134 sed
2170 2076 2441 2133 universa

426 2171 672 2228 corpora
694 2162 946 2227 specteS,
1009 2161 1129 2214 tam
1168 2170 1374 2227 parum
1416 2154 1601 2212 etiam
1641 2154 1701 2211 in
1739 2153 1847 2212 hoc
1885 2153 2043 2226 pleni
2081 2158 2215 2210 sunt
2251 2149 2443 2211 fontes

426 2232 627 2304 nostri,
661 2237 727 2289 ut
744 2248 818 2290 ne
843 2232 1259 2290 brevissimam
1279 2229 1519 2303 quidem
1552 2229 1923 2303 rhapsodiam
1946 2230 2159 2289 Iliados
2187 2229 2263 2287 ad
2286 2244 2444 2286 men-

431 2314 547 2368 tem
588 2309 711 2368 eius
749 2308 985 2368 reconci
1002 2325 1184 2367 unare
1222 2313 1283 2367 et
1319 2308 1634 2366 restituere
1661 2323 1733 2366 ex
1757 2307 1873 2365 illis
1899 2308 2089 2365 liceat.
2147 2305 2444 2364 Habemus

433 2403 902 2452 -.--.-οιλ
937 2402 980 2458 <¹
1027 2418 1192 2464 *μή*

564 2513 637 2585 ²⁰)
671 2512 866 2567 Verbis
901 2513 956 2564 αἱ
998 2511 1381 2582 Ἀριστάρχου,
1420 2512 1478 2563 αἱ
1505 2510 1932 2584 Ἀριστάρχειοι,
1966 2515 2027 2566 ut
2050 2529 2101 2564 α.
2127 2515 2210 2567 91.
2242 2512 2302 2577 β.
2323 2515 2447 2567 221.

314 2590 317 2593 ’
429 2599 480 2651 r.
515 2585 633 2637 292.
688 2599 736 2635 ε.
773 2585 890 2636 808.
948 2582 992 2640 ζ.
1030 2585 1148 2636 288.
1195 2598 1228 2634 ι.
1265 2581 1385 2635 576.
1438 2597 1496 2643 μ.
1550 2583 1669 2633 404.
1722 2599 1780 2648 p.
1816 2583 1961 2647 681.,
2017 2579 2261 2648 pluribus
2294 2580 2446 2649 locis,

436 2665 569 2720 quos
602 2666 728 2704 mox
761 2650 832 2704 ad
867 2648 1004 2704 alios
1037 2663 1167 2703 usus
1200 2647 1447 2703 laudabo.

568 2734 642 2802 21)
675 2735 761 2789 lbi
794 2742 879 2791 est
912 2737 970 2787 ἐν
1008 2738 1075 2809 τῇ
1111 2736 1282 2803 ἑτέρα
1316 2738 1429 2786 τῶν
1477 2732 1750 2811 Ἀριστάρ
1790 2751 1870 2797 ου,
1904 2730 2035 2787 alibi
2068 2734 2244 2804 διχῶς,
2279 2734 2448 2789 semel

433 2804 737 2871 iterumque
773 2804 1087 2874 διήλλαττον
1128 2804 1184 2855 αἱ
1219 2788 1595 2872 Ἀριστάρχου.
1663 2750 1800 2855 Vnst
1842 2800 1912 2855 ad
1947 2805 2004 2866 β.
2027 2805 2142 2856 131.
2164 2802 2334 2856 Gatal.
2358 2808 2444 2858 24.

436 2876 519 2927 sc.
564 2889 615 2940 r.
640 2876 757 2927 416.
807 2874 851 2925 δ.
890 2876 1009 2927 282.
1064 2873 1181 2927 527.
1238 2889 1284 2925 ε.
1326 2874 1438 2925 182.
1482 2873 1594 2924 181.
1652 2869 1697 2927 ε.
1743 2872 1855 2924 113.
1898 2871 2010 2924 174.
2063 2870 2120 2924 a.
2156 2859 2273 2925 213.
2320 2874 2442 2927 405.

442 2959 476 2992 ι.
510 2943 625 2995 653.
662 2942 780 2997 677.
835 2961 882 2997 κ.
925 2945 1038 3000 159.
1101 2941 1147 2993 λ.
1184 2942 1313 3003 631.
1357 2958 1401 2991 ν.
1429 2943 1548 2994 329.
1588 2938 1708 2992 627.
1770 2936 1819 2996 ἔ.
1845 2941 1930 2992 36.
1969 2939 2050 2993 67.
2085 2939 2203 2993 427.
2253 2943 2444 2995 ο.450.

440 3027 494 3061 π.
518 3013 637 3063 430.
686 3028 733 3063 c.
763 3011 880 3076 579.
928 3011 987 3075 ψ.
1026 3010 1144 3064 273.
1181 3013 1283 3061 etc.
1353 3006 1562 3063 Eodem
1610 3005 1646 3057 i.
1680 3020 1723 3058 e.
1774 3005 1843 3060 ad
1892 3006 2118 3061 alteram
2154 3005 2446 3063 editionem

439 3075 714 3132 Villoison.
751 3078 918 3132 refert
954 3078 1051 3139 τὰς
1099 3077 1476 3147 ἐξητασμένος
1510 3074 1885 3155 Ἀριστάρχου
1918 3093 1969 3144 η.
2010 3079 2123 3130 130.
2191 3075 2446 3131 Ceterum

440 3144 585 3199 fama
625 3145 762 3200 haec
807 3146 873 3200 de
921 3145 1123 3214 duplici
1168 3144 1415 3212 exemplo
1452 3142 1757 3197 Aristarch1
1801 3142 1955 3197 nobis
1998 3143 2106 3198 iam
2154 3144 2279 3198 olim
2314 3153 2447 3199 nota

442 3220 559 3267 erat
601 3229 672 3269 ex
717 3214 924 3269 duobus
975 3213 1169 3269 Scholl.
1208 3212 1279 3266 ad
1316 3232 1349 3265 ι.
1385 3216 1504 3267 310.
1552 3215 1606 3264 et
1642 3215 1760 3266 653.
1798 3217 1853 3265 et
1889 3226 1959 3267 ex
1992 3211 2249 3280 Lipsicis:
2297 3213 2448 3282 apud

442 3281 789 3338 Eustathium
824 3299 944 3337 eam
981 3299 1089 3337 non
1122 3280 1337 3335 memini
1371 3296 1457 3335 me
1491 3279 1688 3346 legere.

578 3369 650 3437 22)
685 3368 759 3424 Ut
794 3369 864 3423 ad
901 3388 956 3422 π.
993 3372 1110 3424 613.
1148 3386 1195 3421 τ.
1230 3372 1348 3422 386.

582 3454 655 3521 2²)
687 3454 937 3521 Prolegg.
975 3453 1046 3507 ad
1081 3452 1144 3506 ΙΙ.
1178 3468 1231 3520 p.
1266 3450 1497 3506 XXVH.
