2734 4000
1222 199 1582 253 ...69-

1238 429 1564 512 XXVII.
1594 442 1612 452 ”

519 575 916 635 Difficultates
944 577 1095 650 illas,
1124 594 1266 649 quas
1296 575 1537 636 mirifica
1562 576 1747 638 forma
1782 584 1842 637 et
1869 578 2184 652 descriptio
2211 577 2413 638 horum
2440 590 2517 631 114

405 648 563 710 ἐπῶν
614 655 986 727 partiumque
1028 654 1331 728 dispositio
1373 655 1589 728 obiicit,
1630 656 1965 729 singulatim
2005 655 2411 729 expendendas
2439 668 2514 709 115

406 736 468 788 et
517 730 777 790 omnibus
828 730 1046 790 viribus
1103 737 1280 803 atque
1333 730 1540 804 opibus
1591 732 1888 806 augendas
1938 733 2066 791 aliis
2105 726 2408 793 mandabo.

410 901 562 948 terea
607 893 830 948 subinde
877 898 934 946 et
970 891 1210 972 abolevi,
1257 892 1519 961 quidquid
1552 892 1764 947 illarum
1799 893 1935 947 mihi
1970 897 2282 947 notaveram
2295 932 2309 961 ,
2363 893 2410 948 si

403 961 544 1016 forte
579 962 644 1014 iis
670 977 738 1015 ex
760 961 1023 1016 memoria
1047 965 1103 1014 et
1125 976 1301 1016 ammo
1328 960 1529 1029 elapsis
1555 961 1846 1015 succedens
1872 962 1978 1015 alio
2002 967 2245 1029 tempore
2269 977 2409 1016 nova

402 1030 658 1098 cogitatio
712 1028 991 1098 scrupulos
1037 1028 1268 1082 tolleret.
1341 1028 1518 1082 Semel
1565 1029 1702 1085 adeo
1747 1029 1944 1097 puduit
1986 1043 2073 1082 me
2109 1034 2164 1082 et
2199 1029 2408 1084 taeduit

400 1098 560 1167 plane
594 1099 713 1152 viae
748 1099 836 1153 vel
871 1097 1069 1151 erroris
1102 1097 1225 1164 mei,
1261 1096 1401 1150 lecto
1438 1097 1669 1150 Perralti
1703 1098 1840 1151 libro
1861 1097 1927 1151 de
1951 1097 2256 1165 Comparat.
2275 1103 2405 1152 vett.

401 1173 457 1219 et
491 1171 734 1235 recentt.,
771 1166 865 1220 ubi
901 1165 963 1219 Τ.
982 1165 1079 1218 ΠΙ.
1104 1180 1158 1232 p.
1186 1169 1271 1220 35.
1305 1165 1364 1217 in
1389 1165 1838 1234 contemptionem
1861 1165 2198 1235 antiquitatis
2221 1165 2406 1230 refert,

401 1233 605 1302 aliquid
647 1235 819 1289 simile
857 1250 891 1288 a
964 1232 1161 1288 uodam
1197 1233 1543 1301 popularium
1578 1249 1796 1287 suorum
1833 1239 2252 1289 commentatum
2287 1249 2405 1288 esse

401 1311 457 1355 et
491 1303 779 1370 aliquando
815 1249 1170 1371 proditurum.
1244 1301 1433 1355 Paullo
1469 1307 1594 1373 post
1630 1302 1836 1370 accipio
1874 1302 2207 1371 opusculum,
2262 1302 2407 1371 quod

397 1371 489 1424 ille
508 1371 830 1439 minabatur,
864 1369 1112 1438 hominia
1147 1370 1444 1437 Homerum
1461 1371 1710 1438 negantis
1733 1385 1972 1450 unquam
1994 1370 2177 1438 fuisse,
2200 1376 2404 1425 utrum-

404 1455 511 1507 que
570 1446 752 1493 autem
802 1440 1076 1503 σωμάτιον
1127 1436 1418 1492 conflatum
1465 1453 1581 1492 esse
1610 1437 1871 1493 *docentis
1918 1454 1988 1491 ex
2033 1440 2311 1507 tragoediis
2354 1449 2405 1492 et

401 1509 563 1559 variis
598 1508 809 1560 canticis
844 1509 907 1560 de
931 1508 1099 1568 trivio,
1135 1508 1479 1559 mendicorum
1511 1517 1561 1560 et
1597 1508 1977 1568 circulatorum,
2016 1508 2051 1559 ὰ
2084 1509 2141 1558 la
2172 1509 2402 1560 muniere

395 1578 486 1627 des
531 1577 778 1628 chanaone
829 1578 904 1628 du
954 1576 1245 1641 Pontneuj5
1323 1579 1528 1628 cetera>
1562 1575 1620 1628 in
1664 1574 1892 1628 eundem
1939 1574 2183 1628 modum:
2243 1580 2300 1629 et
2345 1575 2403 1629 in

394 1644 674 1698 Prooemio
710 1643 924 1698 omnino
960 1642 1094 1695 nihil
1129 1657 1186 1696 se
1224 1658 1295 1696 ex
1328 1643 1552 1697 Graecis
1576 1643 1771 1697 litteris
1795 1658 1993 1711 operae
2011 1643 2245 1711 pretium
2270 1641 2402 1698 didi-

397 1712 532 1766 cisse
568 1711 861 1766 confirmat.
934 1710 1091 1777 Quod
1123 1728 1289 1765 unum
1325 1717 1409 1765 est
1444 1727 1514 1765 ex
1534 1711 1740 1780 pauciS,
1776 1711 1833 1764 in
1892 1711 2053 1766 uibus
2075 1710 2235 1765 facile
2256 1726 2290 1765 a
2327 1712 2403 1767 ud

396 1795 581 1834 omnes
617 1779 777 1834 fidem
811 1780 1077 1833 inveniat:
1113 1779 1325 1847 reliqua
1360 1781 1566 1834 somnia
1601 1784 1725 1832 sunt
1763 1785 1819 1833 et
1854 1727 2220 1834 geni-amenta.
2288 1727 2401 1834 {Io-

392 1849 550 1902 minis
584 1849 821 1917 alioquin
855 1864 965 1902 non
1000 1847 1212 1901 obscuri
1246 1863 1420 1916 neque
1455 1847 1660 1916 insulsi,
1698 1847 1923 1916 aliisque
1960 1846 2109 1901 libris
2145 1849 2309 1901 etiam
2345 1848 2401 1903 in

397 1916 683 1971 Germania
720 1917 851 1984 noti,
888 1917 1012 1983 (Fr.
1035 1917 1260 1968 Hedelin
1298 1918 1444 1968 Abbc'
1473 1917 1817 1984 dilabi-qnam)
1858 1918 1944 1986 [de
1968 1934 2069 1983 quo
2087 1935 2130 1968 v.
2162 1917 2399 1984 Ohauffe-

390 1987 504 2067 pic']
546 1984 759 2039 libellus
794 1986 873 2039 ita
908 1983 1224 2053 inscriptus:
1274 1984 1600 2053 Gonjectures
1636 1985 1998 2053 academiquea
2031 2004 2097 2037 ou
2130 1985 2272 2039 Dias.
2306 2004 2401 2038 sur

391 2055 599 2107 l’Ilmde
613 2092 627 2116 ,
676 2070 840 2123 quum
887 2054 978 2108 diu
1026 2052 1273 2107 latuisset
1320 2054 1467 2121 apud
1504 2054 1950 2121 Charpenterium
1986 2058 2044 2106 et
2079 2052 2240 2121 alioS,
2290 2054 2398 2123 qui,

391 2122 656 2176 incertum
692 2122 849 2176 amici
872 2137 942 2175 an
964 2127 1208 2175 veterum
1232 2136 1432 2185 amore,
1454 2121 1598 2174 illius
1622 2121 1845 2176 editioni
1866 2136 2071 2175 moram
2094 2121 2397 2202 nectebant,

392 2190 611 2244 tandem
645 2197 855 2244 mortuo
882 2189 1146 2244 Hedelino
1181 2189 1384 2257 prodiit
1407 2190 1527 2245 Par.
1569 2192 1714 2245 1715.
1751 2194 1800 2244 8.
1854 2191 1909 2244 Is
1945 2190 2231 2259 aliquoties
2264 2190 2399 2244 mihi

434 2258 678 2326 erlectus‚
715 2264 776 2312 ut
811 2258 938 2326 dixi,
976 2258 1214 2311 taedium
1250 2258 1435 2311 attulit
1470 2257 1735 2326 opinionis
1771 2274 1940 2327 meae,
1976 2258 2033 2311 in
2068 2258 2219 2312 cuius
2255 2257 2396 2311 simi-

415 2326 674 2380 'tudinem
711 2327 979 2396 quandam
1014 2326 1283 2380 levissima
1317 2327 1594 2381 temeritas
1628 2331 1683 2380 et
1719 2326 1932 2381 inscitia
1956 2326 2291 2394 antiquitatis
2309 2326 2397 2380 de-

389 2394 543 2462 lapsa
569 2401 739 2462 esset3
764 2395 1010 2464 serioque
1038 2395 1192 2463 coepi
1212 2395 1424 2463 vulgari
1484 2394 1690 2448 uamvis
1713 2395 2183 2449 male-cohaerenti
2199 2394 2396 2449 rationi

387 2469 705 2530 argumenta
763 2464 1093 2532 conquirere.
1163 2462 1304 2517 Nam
1361 2478 1431 2517 ne
1522 2462 1731 2517 edelino
1792 2462 2008 2532 quidem
2056 2478 2090 2517 a
2135 2462 2394 2531 Boilavio‚

387 2531 617 2585 Dacerio
655 2538 711 2585 et
745 2531 865 2585 aliis
898 2532 1035 2585 bene
1070 2546 1158 2585 res
1198 2546 1386 2585 onsum
1421 2530 1684 2584 videbam.
1753 2532 1840 2585 Ita
1873 2531 2022 2585 varie
2058 2530 2292 2598 annisus,
2331 2537 2395 2584 ut

385 2599 654 2654 historicis
689 2598 1092 2655 difficultatibus
1127 2547 1234 2653 aga
1257 2606 1421 2668 atque
1440 2598 1547 2652 alia
1568 2598 1657 2651 via
1680 2614 2031 2667 occurrerem,
2067 2614 2193 2652 mox
2216 2599 2392 2653 denuo

388 2673 617 2721 vexatus
651 2668 773 2736 illis,
810 2668 1092 2736 denuoque
1129 2673 1349 2721 coactus
1387 2666 1596 2734 cedere,
1633 2668 1878 2722 conscius
1911 2668 2043 2721 mihi
2079 2682 2210 2734 sum,
2260 2667 2393 2720 nihil

388 2752 475 2789 me
511 2752 613 2791 nec
648 2736 874 2791 vanitati
908 2735 1219 2804 cupiditatis
1253 2750 1356 2789 nec
1392 2735 1688 2789 sententiae
1725 2736 1954 2790 novitati
1987 2734 2286 2801 indulsisse,
2336 2741 2392 2789 et
2420 2775 2427 2781 .

389 2818 573 2858 omnes
608 2804 899 2858 intendisse
934 2819 1143 2871 nervOS,
1181 2809 1243 2856 ut
1276 2804 1345 2857 ab
1383 2803 1580 2858 erroris
1615 2803 1822 2871 laqueis
1858 2818 2121 2859 caverem.
2194 2801 2390 2856 Testes

391 2873 479 2935 rei
504 2871 680 2927 habeo
715 2872 912 2926 multos
947 2871 1290 2925 familiarium
1314 2887 1571 2940 meorum,
1610 2872 1926 2941 quibuscum
1968 2886 2068 2939 per
2091 2870 2191 2925 hos
2209 2871 2388 2937 proxi-

386 2956 502 2995 mos
540 2956 707 2996 annos
743 2940 980 2995 laborem
1015 2956 1194 2994 meum
1217 2941 1621 3009 communicavi,
1657 2939 1998 3009 provocando
2019 2953 2112 2993 eos
2136 2936 2205 2992 ad
2264 2953 2389 2992 uae-
2419 2959 2426 2965 ·

384 3010 609 3063 rendum
644 3025 846 3077 verum,
893 3016 949 3062 et
983 3008 1177 3076 omnia,
1233 3024 1371 3077 quae
1406 3008 1464 3061 in
1498 3008 1630 3076 ipsis
1666 3007 2000 3063 Carminibus
2019 3007 2167 3059 mihi
2202 3022 2236 3061 a
2273 3022 2389 3060 ver-

384 3078 493 3130 sari
526 3077 863 3145 viderentur,
917 3076 1155 3131 studiose
1191 3075 1491 3144 colligenda
1527 3083 1582 3130 et
1617 3081 1713 3130 sub
1750 3092 1914 3130 unum
1949 3074 2264 3143 adspectum
2300 3089 2385 3129 co·

424 3145 577 3201 enda.
647 3146 731 3199 Ac
780 3160 850 3198 ne
885 3160 1027 3199 nunc
1063 3145 1278 3212 quidem
1313 3145 1449 3198 haec
1485 3144 1728 3213 disputo,
1776 3151 1838 3198 ut
1883 3143 2132 3212 cuiquam
2167 3158 2387 3211 persua·

424 3229 568 3281 eam,
623 3213 712 3267 cui
758 3229 866 3267 non
911 3213 1032 3282 ipsa
1075 3228 1164 3266 res
1209 3211 1567 3281 persuadeat,
1605 3213 1701 3267 sed
1736 3218 1812 3279 ut,
1850 3213 1895 3265 si
1931 3210 2059 3279 quid
2096 3212 2388 3266 erraverim

385 3287 481 3334 aut
514 3282 572 3335 in
609 3281 803 3335 falsum
840 3282 1173 3349 detorserim,
1210 3281 1410 3335 erroris
1445 3280 1732 3335 convincar
1766 3279 1834 3335 ab
1871 3279 2214 3334 acutioribus,

516 3349 599 3403 Ne
635 3365 764 3404 vero
799 3349 1245 3403 Rudbeckianum
1280 3349 1554 3417 ingenium
1577 3348 1812 3402 induisse
1835 3347 2037 3416 videar,
2075 3348 2274 3416 quippe
2295 3347 2388 3415 qui

382 3416 469 3471 vel
501 3417 558 3471 in
592 3417 824 3471 minimis
858 3418 1167 3472 historicam
1200 3417 1485 3471 veritatem
1537 3433 1743 3472 sacram
1778 3432 1892 3470 rem
1926 3415 2127 3470 habere
2167 3416 2385 3479 soleam,
