2734 4000
1193 225 1550 280 -40-

1255 405 1505 485 XVII.

524 544 641 604 Sed
678 544 825 603 haec
864 544 996 618 ipsa
1040 545 1289 617 vestigia
1327 545 1610 605 historiae
1652 551 1919 618 arguunt,
1959 546 2115 603 iuter
2140 545 2240 603 illa
2265 562 2370 618 pu-

365 622 505 681 blici
525 638 663 679 usus
686 621 853 679 initia
876 627 938 680 et
960 621 1261 693 vulgarem
1283 622 1762 684 consuetudinem
1774 621 2064 681 scribendi
2074 621 2374 681 librorum-

369 715 481 771 que
521 697 997 758 conficiendorum
1055 714 1253 756 curam
1292 699 1475 758 multo
1514 700 1771 772 longius,
1823 714 1996 771 quam
2033 714 2183 756 nunc
2222 699 2377 770 quis-

368 791 539 848 quam
582 776 889 848 existimet,
930 776 1298 833 intervalium
1336 777 1703 834 interiectum
1741 774 1938 834 fuisse.
1996 775 2108 833 Hic
2129 776 2377 849 primum

365 853 598 910 maximi
636 852 909 910 momenti
950 858 1058 923 est,
1101 851 1255 922 quod
1293 854 1513 911 nullum
1539 868 1782 925 usquam
1808 853 2135 911 litterarum
2163 852 2375 910 existo

369 944 583 1000 genere
631 934 1063 987 monumentum
1113 935 1594 988 commemoratur
1632 930 1921 1002 Lycurgei
1971 934 2074 987 aut
2114 929 2373 1001 proxime

369 1005 727 1076 insequentis
767 1006 914 1077 aevi,
966 1021 1080 1065 non
1121 1005 1387 1078 epistola,
1437 1022 1551 1066 non
1589 1013 1813 1079 poema,
1868 1022 1982 1065 non
2021 1004 2170 1063 liber
2206 1006 2376 1078 ullus,

369 1083 533 1141 cuius
563 1082 885 1154 exemplum
914 1083 1006 1141 vel
1032 1089 1193 1140 certe
1221 1083 1434 1142 notitia
1462 1084 1709 1156 exempli
1730 1083 1806 1141 ad
1832 1082 2188 1156 posteriores
2218 1087 2378 1140 aeta-

366 1166 459 1217 tes
498 1159 847 1231 pervenerit.
926 1158 1055 1217 Nisi
1095 1157 1246 1217 forte
1285 1157 1535 1232 fabulas,
1577 1159 1652 1218 de
1691 1159 1899 1232 quibus
1940 1159 1992 1235 ξ.
2033 1159 2195 1218 xm.
2236 1158 2376 1230 dixi,

368 1235 573 1294 audire
611 1236 889 1307 volumus,
933 1251 1146 1306 eosque
1187 1237 1519 1308 scriptores»,
1585 1237 1685 1309 qui
1721 1237 1944 1310 priscas
1983 1252 2079 1295 res
2123 1236 2199 1294 ad
2239 1251 2375 1294 suas
2418 1282 2424 1289 .

369 1311 812 1371 consuetudines
834 1317 1009 1384 atque
1028 1312 1325 1371 libidinem
1345 1311 1586 1386 fingunt,
1608 1330 1849 1386 quorum
1871 1314 2048 1372 etiam
2067 1314 2376 1371 innumero

367 1394 518 1461 sunt,
556 1388 791 1460 quisuo
825 1405 887 1460 se
926 1388 1143 1461 aladii),
1166 1389 1431 1462 iugulent
1443 1389 1540 1461 ³⁰).
1590 1391 1673 1448 At
1711 1389 1848 1461 quid
1884 1391 2170 1463 privatam
2197 1389 2376 1461 scrip-

290 1482 341 1522 6⁷
369 1471 559 1524 turam
588 1466 916 1537 quaerimus
942 1467 1014 1524 iis
1043 1466 1423 1539 temporibus,
1455 1466 1661 1538 quibus
1682 1467 1742 1523 in
1770 1483 1989 1525 summo
2009 1466 2202 1525 studio
2222 1465 2376 1524 ordi-

371 1542 690 1601 nandarum
719 1543 1015 1601 civitatum
1040 1558 1114 1601 ne
1145 1544 1308 1615 leges
1338 1543 1572 1615 quidem
1599 1543 1859 1602 videmus
1886 1544 2099 1602 litteris
2125 1542 2376 1616 promul-

368 1626 534 1692 gatas
550 1620 578 1673 ‘c‘
620 1619 711 1676 De
751 1619 1010 1679 omnibus
1050 1619 1381 1679 nationibus
1412 1621 1695 1679 Graeciae
1734 1620 1958 1692 loquor,
1997 1637 2111 1679 non
2152 1619 2375 1691 excipio

366 1697 565 1767 Iones3
619 1694 694 1753 de
726 1695 952 1767 *quibus
1005 1697 1146 1754 mihi
1195 1713 1302 1769 pro
1363 1699 1715 1756 auctoritate
1765 1696 2092 1756 habendum
2142 1695 2375 1754 videtur

367 1774 658 1832 silentium
698 1789 896 1832 eorum
913 1817 928 1845 ,
980 1774 1078 1845 qui
1119 1780 1348 1831 veteres
1391 1775 1586 1847 legum
1626 1775 1842 1833 latores
1884 1788 2063 1846 saepe
2108 1778 2376 1831 accurate

367 1855 722 1923 enumerant,
763 1848 1026 1909 omnibus
1053 1850 1113 1907 in
1140 1849 1402 1909 ordinem
1428 1852 1702 1923 receptis,
1746 1850 1953 1922 quibus
1980 1850 2180 1921 quovis
2205 1849 2378 1908 modo

368 1927 538 1986 huius
578 1927 822 1985 nominis
862 1926 1046 1986 honor
1084 1927 1459 1985 tribueretur.
1540 1928 1765 2001 Nempe
1804 1927 1892 1984 illi
1931 1932 2020 1986 tot
2059 1926 2376 2000 scriptores

369 2006 672 2076 utriusque
698 2005 931 2076 linguae
959 2005 1009 2062 si
1035 2004 1095 2060 in
1120 2004 1456 2064 Aristotelis
1488 2011 1548 2063 et
1574 2004 1961 2078 Theophrasti
1986 2004 2377 2063 celeberrimis

369 2082 506 2141 olim
545 2082 707 2140 libris
749 2088 810 2139 et
849 2081 1282 2140 collectionibus
1293 2081 1371 2153 ³1)
1415 2084 1662 2156 scriptas
1699 2081 1935 2142 Ionibus
1968 2081 2062 2139 vel
2097 2079 2377 2139 Aeolibus
2439 2131 2465 2144 f

370 2160 531 2231 leges
571 2158 864 2217 recenseri
902 2157 1200 2226 vidissent,
1243 2164 1381 2217 ante
1420 2159 1713 2218 Pittacum
1750 2158 1975 2231 Olymp.
2001 2158 2267 2217 XLVIII.
2295 2139 2485 2214 la-Si'
2504 2150 2537 2206 ἲ

368 2243 480 2308 taS,
531 2251 699 2294 nemo
741 2235 1102 2306 antiquitatis
1142 2237 1365 2307 peritus
1406 2241 1594 2309 putet,
1651 2235 1713 2293 id
1754 2251 1854 2295 eos
1893 2240 2059 2293 tanto
2098 2249 2378 2293 consensu

369 2313 829 2383 transmissuroS,
856 2327 965 2369 nec
990 2327 1137 2370 novo
1166 2313 1396 2371 nomine
1423 2312 1673 2371 indicem
1694 2329 1859 2370 suum
1886 2317 2158 2371 aucturos
2178 2308 2375 2369 fuisse.

368 2389 463 2447 Ex
500 2404 612 2461 quo
652 2388 1018 2460 intelligitur,
1061 2404 1135 2446 ea
1172 2391 1382 2460 omnia,
1425 2406 1575 2461 quae
1614 2395 1736 2447 tum
1775 2405 1880 2461 pro
1907 2389 2135 2460 legibus
2163 2392 2378 2458 essent,

371 2467 492 2524 sive
534 2463 708 2541 νόμοι,
753 2466 873 2523 sive
913 2463 1142 2541 θεσμοί,
1182 2466 1302 2523 sive
1336 2464 1550 2545 ῥῆτραι
1592 2465 1962 2536 vocabantur,
2017 2466 2075 2522 in
2116 2465 2278 2523 Ionia
2319 2469 2379 2522 et

529 2626 604 2687 30)
655 2624 742 2678 Ita
793 2623 1023 2691 Gorgias
1068 2630 1393 2690 personatus
1408 2666 1423 2693 ‚
1474 2625 1570 2694 qui
1612 2623 1891 2679 Palamedi
1932 2622 2151 2676 inventa
2188 2620 2379 2675 tribuit

368 2695 700 2766 γράμματα,
748 2694 962 2763 μνήμης
994 2691 1230 2760 ὄργανον
1245 2732 1260 2757 ,
1311 2693 1551 2748 eiusdem
1602 2699 1782 2747 aetate
1818 2691 1973 2760 quasi
2006 2690 2382 2759 pervulgatum

372 2778 528 2816 usum
573 2762 924 2830 epistolarum
970 2767 1234 2813 memorat
1269 2777 1323 2829 p.
1366 2767 1511 2831 104.,
1558 2760 1727 2815 falsus
1774 2762 1937 2814 etiam
1972 2759 2029 2812 in
2063 2759 2194 2826 hoc,
2235 2757 2381 2826 quod

251 2872 261 2878 ,
291 2889 298 2895 ,
373 2829 572 2895 ibidem
608 2830 874 2908 Graecum
908 2842 1054 2907 ‘cum‘
1082 2828 1335 2910 Tro-iano·
1366 2831 1487 2910 sine
1528 2830 1648 2908 inte·
1709 2835 1824 2909 rete
1873 2827 2107 2896 colloqui
2140 2827 2379 2895 potuisse

369 2895 1651 3021 fflissiaffssffaeetShffilossafiisssfflffiffissflsslssit?
1666 2895 1919 3018 mlissss?
1928 2901 2216 3031 323353?
2236 2892 2380 3016 ³³53:

373 3051 494 3087 rum
541 3040 721 3088 tamen
757 3033 936 3087 nullus
972 3037 1085 3085 tam
1120 3026 1418 3088 honoratus
1455 3041 1562 3102 est,
1613 3050 1775 3102 quam
1810 3032 2089 3086 Mutianus
2124 3002 2210 3084 tei·
2288 3045 2378 3083 on-

368 3103 469 3170 sul,
504 3102 598 3170 qui
633 3100 1275 3180 Sarpedonis-epistolam
1312 3103 1580 3171 quandam
1617 3118 1651 3156 a
1686 3100 1852 3155 Troia
1886 3101 2142 3167 scriptam
2174 3097 2233 3151 in
2272 3097 2379 3166 Ly-

379 3171 465 3224 cia
496 3170 614 3239 ipse
651 3170 874 3238 legerat,
910 3175 1139 3223 mirante
1175 3171 1348 3225 Plinio
1386 3171 1539 3239 XIII,
1583 3175 1662 3226 13.

524 3257 596 3323 31)
642 3254 781 3310 Vide
828 3255 992 3309 Fabr.
1028 3255 1092 3310 B.
1131 3256 1221 3310 Gr.
1259 3256 1323 3310 L.
1362 3256 1461 3310 III.
1501 3271 1545 3309 c.
1582 3258 1632 3311 7.
1655 3271 1721 3377 g.
1762 3257 1877 3333 ¹91¹·
1913 3259 1969 3306 et
2002 3266 2048 3305 c.
2083 3256 2133 3306 9.
2168 3266 2222 3318 p.
2257 3253 2378 3329 25¹.-

371 3324 572 3378 Omitto
610 3324 804 3378 similia
839 3339 1008 3392 opera
1041 3323 1267 3377 aliorum
1304 3323 1372 3379 de
1411 3324 1620 3393 legibus
1704 3337 1877 3377 raecis
1913 3328 1969 3374 et
1992 3336 2177 3374 earum
2200 3319 2380 3371 latori-

370 3393 499 3455 bus,
552 3393 727 3446 minus
773 3391 1327 3465 tritonumdectione,
1384 3397 1641 3461 tanquam
1688 3389 2030 3457 Callimachi,
2079 3386 2381 3443 Heraclidis

372 3460 601 3528 Pontici,
636 3460 923 3529 Hermippi
959 3466 1064 3513 etc.
