2734 4000
1165 238 1237 249 --
1297 213 1522 267 101-

338 359 774 433 inhaerendum,
818 365 878 420 et
915 360 1085 421 istam
1113 359 1434 420 doctrinam
1453 377 1643 420 meras
1671 377 1856 434 nugas
1885 376 2013 420 esse
2038 357 2345 435 putansffl).

337 435 569 510 Neque'
584 453 720 497 vero
760 436 1084 495 Aristarchi
1123 437 1439 496 auctoritas
1480 454 1517 497 a
1555 439 1861 512 nugatorio
1887 438 2080 497 studio
2107 436 2348 496 deduxit

337 514 737 588 philosophos,
788 531 1031 586 quorum
1084 515 1259 573 etiam
1299 514 1734 586 insequentibus
1774 515 2021 575 saeculis
2061 513 2185 573 fere
2222 515 2347 572 nul-

337 593 429 650 lus
469 589 607 663 fuit,
657 592 755 663 qui
803 607 919 651 non
959 591 1212 650 Homero
1253 587 1550 670 ἀπόῤῥητα
1588 590 1875 665 quaedam
1912 593 2005 651 vel
2044 596 2206 650 certe
2246 591 2346 651 de-

337 673 503 728 creta
543 673 741 727 sectae
781 684 924 726 suae
976 667 1334 728 obtruderet.
1415 668 1567 727 Hinc
1604 668 1795 729 facete
1836 669 2057 728 Seneca
2070 667 2173 740 28);
2225 667 2344 742 Ap-⁷

336 751 510 819 paret
547 745 690 803 nihil
728 744 933 805 horum
974 760 1103 805 esse
1141 745 1202 802 in
1240 745 1358 817 illo,
1401 747 1494 803 cui
1533 746 1724 806 omnia
1762 746 1981 805 insunt:
2038 746 2155 804 ista
2194 746 2343 813 enim

337 822 492 882 in'ter
533 837 597 881 se
638 821 940 881 dissident.
1018 822 1357 894 Eodemque
1396 823 1652 895 pertinet
1698 823 1991 896 quaestio,
2045 838 2120 880 an
2159 822 2343 896 philo-

335 899 555 972 sophus
593 896 771 958 fuerit
808 902 1001 972 poeta,
1040 904 1296 958 tractata
1334 899 1438 957 illa
1475 899 1782 972 Favorino,
1831 900 2115 972 Longino,
2157 899 2343 959 Oeno-

334 991 463 1034 mao
506 980 567 1034 et
608 976 754 1034 aliis.
833 977 900 1033 In
943 992 1056 1048 qua
1097 976 1382 1048 quomodo
1421 982 1687 1036 versatus
1728 977 1804 1036 sit
1842 976 2216 1050 Porphyrius,
2270 992 2341 1035 ex

332 1053 458 1110 eius
499 1052 745 1112 Scholiis
800 1057 863 1112 et
913 1068 1172 1112 seorsum
1227 1052 1401 1112 editis
1441 1054 1734 1126 opusculis
1774 1059 2037 1127 apparet.
2114 1054 2340 1126 Nempe

332 1145 404 1187 ex
441 1130 555 1189 hoc
594 1135 856 1202 tempore
894 1130 1142 1188 maxime
1180 1129 1523 1190 relabuntur
1551 1130 1761 1190 Graeci
1788 1131 1848 1189 in
1871 1131 2034 1189 illum
2057 1129 2337 1202 morbum,

336 1210 403 1263 ut
440 1205 654 1279 ubique
696 1206 1007 1278 allegorias
1047 1207 1170 1265 sive
1210 1207 1562 1280 anagogicas
1602 1208 1723 1266 sive
1749 1207 2053 1266 historicas
2081 1212 2337 1280 captent.

242 1332 250 1338 .
338 1282 518 1342 Hisce
559 1282 735 1341 armis
775 1282 1091 1343 Homerum
1118 1283 1360 1343 Proclus
1402 1282 1755 1343 defendebat
1779 1289 1980 1344 contra
2005 1284 2334 1355 Platonem3

331 1360 418 1418 ita
446 1360 772 1432 Simplicius
812 1360 872 1417 in
909 1358 1121 1419 fabulis
1159 1358 1652 1438 παραπετάσματα
1691 1376 1866 1419 verae
1906 1360 2230 1434 sapientiae
2255 1361 2336 1418 vi-
2356 1364 2562 1405 ...ms

333 1435 540 1509 debat3
580 1438 666 1495 ita
704 1436 955 1509 denique
995 1435 1191 1496 infima
1229 1443 1447 1508 aetate,
1485 1453 1559 1497 ne
1584 1438 1782 1511 plures
1805 1438 2115 1511 appellem,
2152 1436 2330 1495 Mich.
2360 1447 2434 1487 166

325 1512 570 1586 PselluS,
598 1513 895 1572 Eustathii
921 1514 1157 1587 amicuS,
1187 1520 1248 1573 et
1270 1516 1329 1573 N
1328 1515 1635 1588 icephorus
1658 1514 1969 1588 Gregoras‚
1991 1514 2088 1573 ille
2114 1519 2332 1573 utrum-

330 1605 443 1661 que
486 1589 748 1661 Carmen,
787 1592 883 1649 hic
920 1590 1150 1664 Ulyssis
1192 1608 1422 1652 errores
1464 1591 1806 1665 explicabat.

1139 1805 1541 1881 XXXVII.

478 1974 594 2035 Sed
636 1976 709 2036 de
750 1978 1001 2052 antiquis
1042 1978 1178 2050 illis,
1220 1975 1604 2048 (redeundum
1645 1976 1796 2036 enim
1834 1975 1999 2037 nobis
2041 1991 2129 2049 eo,
2169 1973 2322 2038 unde

329 2052 579 2125 digressi
607 2059 844 2128 sumus,)
886 2072 1092 2129 parum
1131 2059 1376 2127 constat,
1418 2054 1703 2128 quomodo
1722 2054 1961 2127 reliquis
1986 2053 2322 2127 interpretis

327 2127 509 2188 functi
548 2130 665 2188 sint
703 2129 922 2191 officiis.
1005 2132 1232 2206 Quippe
1283 2150 1384 2193 eos
1423 2149 1537 2192 non
1575 2132 1635 2190 in
1673 2147 1789 2190 una
1825 2132 1943 2191 ista
1979 2146 2045 2189 re
2085 2146 2322 2204 operam

324 2206 554 2276 lusisse,
604 2206 708 2266 sed
749 2210 925 2268 etiam
964 2215 1151 2268 artem
1189 2215 1400 2283 poetae
1452 2215 1513 2268 et
1550 2210 1667 2267 alia
1706 2208 1991 2281 quaedam
2029 2208 2323 2267 illustrare
2369 2266 2390 2274 ,

326 2299 638 2355 aggressos
680 2300 827 2358 esse,
871 2302 941 2345 ex
979 2286 1239 2347 Platonis
1279 2288 1419 2346 Ione
1461 2292 1520 2345 et
1543 2286 1904 2346 memorabili
1922 2285 2170 2358 quodam
2196 2285 2322 2344 loco

318 2359 653 2420 Aristotelis
694 2363 965 2436 conficio,
1019 2364 1080 2421 in
1120 2379 1232 2436 quo
1273 2362 1341 2419 οἵ
1389 2361 1688 2442 ἀρχαῖοι
1735 2359 2085 2442 Ὁμηρικοὶ
2123 2367 2324 2422 notan-

318 2442 431 2509 tur,
471 2443 745 2510 tanquam
784 2439 994 2500 nobilis
1034 2440 1177 2500 ordo
1219 2440 1521 2500 doctorum
1557 2441 1866 2514 hominum,
1918 2441 1978 2498 in
2016 2439 2326 2499 minutissi-

318 2514 426 2571 mis
465 2514 829 2574 haerentium
870 2517 1036 2588 quasi
1073 2516 1470 2578 Masorethica
1508 2534 1648 2577 cura
1662 2516 1757 2589 ²⁹).

479 2590 684 2651 Paullo
723 2593 928 2651 melius
969 2599 1166 2652 aetate
1193 2594 1439 2653 Periclis
1479 2595 1539 2653 in
1578 2594 2057 2668 interpretatione
2083 2593 2323 2653 Homeri

327 2666 656 2727 elaborasse
697 2668 967 2728 videntur
1007 2670 1341 2748 mesm,
1372 2672 1472 2743 qui
1511 2673 1719 2745 omnia,
1761 2687 1909 2744 quae
1946 2678 2067 2731 tum
2093 2670 2322 2730 liberali

324 2742 517 2804 studio
561 2744 737 2818 digna
775 2746 1156 2819 habebantur,
1197 2747 1275 2807 ad
1314 2747 1678 2822 disciplinam
1718 2766 1880 2807 suam
1918 2749 2191 2821 redigere
2231 2763 2321 2807 so-

318 2819 429 2893 liti,
469 2836 542 2879 ne
584 2823 960 2893 grammatica
1001 2824 1234 2896 quidem
1272 2831 1593 2901 praecepta
1641 2831 1702 2885 et
1740 2826 2085 2900 optimorum
2123 2830 2322 2899 poeta-

452 3060 525 3146 37)
562 3058 699 3117 Vide
735 3060 987 3116 Eustath.
1025 3078 1077 3131 p.
1114 3066 1164 3117 3.
1200 3067 1284 3117 40.
1321 3066 1442 3119 561.
1480 3064 1597 3117 614.

448 3147 524 3212 28)
561 3146 736 3216 Epist.
772 3146 1125 3203 LXXXVIII.
1161 3163 1270 3202 non
1302 3148 1338 3202 l.
1377 3164 1425 3201 a.
1463 3164 1546 3216 pr.

451 3233 523 3298 2⁹)
558 3232 866 3314 Metaphys.
902 3233 1026 3288 XII.
1063 3250 1117 3302 p.
1140 3237 1257 3288 450.
1293 3233 1341 3287 B
1384 3232 1576 3288 Duval.
1611 3232 1779 3313 5X1V.
1805 3236 1964 3302 extr.)
1998 3235 2135 3289 Puto
2175 3236 2315 3290 enim

318 3317 441 3356 cum
479 3300 760 3370 Sylburgio
775 3341 790 3370 ,
827 3301 1003 3356 locum
1037 3301 1182 3357 hunc
1218 3302 1286 3357 de
1325 3302 1753 3370 enarratonbuS,
1789 3317 1897 3356 non
1932 3301 2000 3357 de
2035 3303 2315 3359 imitatori·

312 3370 446 3498 {2133
461 3370 701 3507 {13:132
702 3369 1136 3498 offifefflgendum
1182 3384 1314 3424 esse.
1388 3369 1478 3425 Sic
1523 3376 1579 3424 et
1622 3369 1873 3425 Eustath.
1907 3387 1961 3439 p.
1998 3375 2115 3427 260.
2163 3372 2317 3440 ponit
