<?xml version="1.0" encoding="UTF-8"?>
<!DOCTYPE html PUBLIC "-//W3C//DTD XHTML 1.0 Transitional//EN"
    "http://www.w3.org/TR/xhtml1/DTD/xhtml1-transitional.dtd">
<html xmlns="http://www.w3.org/1999/xhtml" xml:lang="en" lang="en">
 <head>
  <title>
</title>
<meta http-equiv="Content-Type" content="text/html;charset=utf-8" />
  <meta name='ocr-system' content='tesseract 3.04.00' />
  <meta name='ocr-capabilities' content='ocr_page ocr_carea ocr_par ocr_line ocrx_word'/>
</head>
<body>
  <div class='ocr_page' id='page_1' title='image "./prolegomenaadho00bekkgoog_0221.png"; bbox 0 0 2734 4000; ppageno 0'>
   <div class='ocr_carea' id='block_1_1' title="bbox 1282 145 1640 205">
    <p class='ocr_par' dir='ltr' id='par_1_1' title="bbox 1282 145 1640 205">
     <span class='ocr_line' id='line_1_1' title="bbox 1282 145 1640 205; baseline 0 -18"><span class='ocrx_word' id='word_1_1' title='bbox 1282 145 1640 205; x_wconf 76' lang='lat'><strong>...71-</strong></span> 
     </span>
    </p>
   </div>
   <div class='ocr_carea' id='block_1_2' title="bbox 394 296 2573 2300">
    <p class='ocr_par' dir='ltr' id='par_1_2' title="bbox 394 296 2573 2300">
     <span class='ocr_line' id='line_1_2' title="bbox 394 296 2464 373; baseline -0.001 -12"><span class='ocrx_word' id='word_1_2' title='bbox 394 301 406 311; x_wconf 46' lang='lat'>⁸</span> <span class='ocrx_word' id='word_1_3' title='bbox 463 306 572 373; x_wconf 84' lang='lat' dir='ltr'><strong>est,</strong></span> <span class='ocrx_word' id='word_1_4' title='bbox 609 300 670 358; x_wconf 92' lang='lat' dir='ltr'><strong>in</strong></span> <span class='ocrx_word' id='word_1_5' title='bbox 707 298 910 373; x_wconf 89' lang='lat' dir='ltr'><strong>primis</strong></span> <span class='ocrx_word' id='word_1_6' title='bbox 949 313 1166 371; x_wconf 88' lang='lat' dir='ltr'><strong>eorum,</strong></span> <span class='ocrx_word' id='word_1_7' title='bbox 1205 298 1306 370; x_wconf 86' lang='lat' dir='ltr'><strong>qui</strong></span> <span class='ocrx_word' id='word_1_8' title='bbox 1342 297 1458 356; x_wconf 83' lang='lat' dir='ltr'><strong>vim</strong></span> <span class='ocrx_word' id='word_1_9' title='bbox 1494 296 1732 357; x_wconf 83' lang='lat' dir='ltr'><strong>humani</strong></span> <span class='ocrx_word' id='word_1_10' title='bbox 1768 298 2007 371; x_wconf 68' lang='lat' dir='ltr'><strong>ingenii‘</strong></span> <span class='ocrx_word' id='word_1_11' title='bbox 2026 299 2087 357; x_wconf 89' lang='lat' dir='ltr'><strong>in</strong></span> <span class='ocrx_word' id='word_1_12' title='bbox 2110 299 2223 360; x_wconf 90' lang='lat' dir='ltr'><strong>hoc</strong></span> <span class='ocrx_word' id='word_1_13' title='bbox 2249 314 2464 372; x_wconf 85' lang='lat' dir='ltr'><strong>genere</strong></span> 
     </span>
     <span class='ocr_line' id='line_1_3' title="bbox 459 374 2567 450; baseline 0 -14"><span class='ocrx_word' id='word_1_14' title='bbox 459 377 654 436; x_wconf 86' lang='lat' dir='ltr'><strong>metiri</strong></span> <span class='ocrx_word' id='word_1_15' title='bbox 690 381 935 450; x_wconf 82' lang='lat' dir='ltr'><strong>possunt</strong></span> <span class='ocrx_word' id='word_1_16' title='bbox 983 390 1056 434; x_wconf 84' lang='lat' dir='ltr'><strong>ex</strong></span> <span class='ocrx_word' id='word_1_17' title='bbox 1092 392 1199 435; x_wconf 80' lang='lat' dir='ltr'><strong>suo</strong></span> <span class='ocrx_word' id='word_1_18' title='bbox 1235 375 1500 448; x_wconf 90' lang='lat' dir='ltr'><strong>ingenio,</strong></span> <span class='ocrx_word' id='word_1_19' title='bbox 1551 380 1614 434; x_wconf 93' lang='lat' dir='ltr'><strong>et</strong></span> <span class='ocrx_word' id='word_1_20' title='bbox 1664 374 1942 434; x_wconf 89' lang='lat' dir='ltr'><strong>iudicium</strong></span> <span class='ocrx_word' id='word_1_21' title='bbox 1981 378 2124 435; x_wconf 87' lang='lat' dir='ltr'><strong>artis</strong></span> <span class='ocrx_word' id='word_1_22' title='bbox 2164 393 2192 436; x_wconf 82' lang='lat' dir='ltr'><strong>s</strong></span> <span class='ocrx_word' id='word_1_23' title='bbox 2233 377 2370 436; x_wconf 88' lang='lat' dir='ltr'><strong>bact</strong></span> <span class='ocrx_word' id='word_1_24' title='bbox 2491 386 2567 426; x_wconf 72' lang='lat'><strong>11¹</strong></span> 
     </span>
     <span class='ocr_line' id='line_1_4' title="bbox 460 393 2466 526; baseline 0 -13"><span class='ocrx_word' id='word_1_25' title='bbox 460 453 1055 526; x_wconf 71' lang='lat' dir='ltr'><strong>habenrantiquarum</strong></span> <span class='ocrx_word' id='word_1_26' title='bbox 1071 452 1400 511; x_wconf 84' lang='lat' dir='ltr'><strong>litterarum</strong></span> <span class='ocrx_word' id='word_1_27' title='bbox 1410 452 1756 525; x_wconf 79' lang='lat' dir='ltr'>cognitione,</span> <span class='ocrx_word' id='word_1_28' title='bbox 1768 393 2466 526; x_wconf 53' lang='grc' dir='ltr'><strong>ΚΙοριεῑΟοΙςίοιηιυί,ὛΓιΞὶέ11</strong></span> 
     </span>
     <span class='ocr_line' id='line_1_5' title="bbox 460 527 2469 605; baseline -0 -14"><span class='ocrx_word' id='word_1_29' title='bbox 460 530 782 603; x_wconf 86' lang='lat' dir='ltr'><strong>landorum,</strong></span> <span class='ocrx_word' id='word_1_30' title='bbox 813 529 1167 590; x_wconf 89' lang='lat' dir='ltr'><strong>Vossiorum.</strong></span> <span class='ocrx_word' id='word_1_31' title='bbox 1208 529 1360 589; x_wconf 87' lang='lat' dir='ltr'><strong>Nam</strong></span> <span class='ocrx_word' id='word_1_32' title='bbox 1397 528 1735 601; x_wconf 76' lang='lat' dir='ltr'><strong>vulgaribus</strong></span> <span class='ocrx_word' id='word_1_33' title='bbox 1772 527 2272 591; x_wconf 83' lang='lat' dir='ltr'><strong>Gallofrancorum</strong></span> <span class='ocrx_word' id='word_1_34' title='bbox 2298 546 2469 605; x_wconf 86' lang='lat' dir='ltr'><strong>prae-</strong></span> 
     </span>
     <span class='ocr_line' id='line_1_6' title="bbox 469 604 2469 682; baseline 0 -15"><span class='ocrx_word' id='word_1_35' title='bbox 469 609 653 682; x_wconf 80' lang='lat' dir='ltr'><strong>ceptis</strong></span> <span class='ocrx_word' id='word_1_36' title='bbox 694 615 756 666; x_wconf 91' lang='lat' dir='ltr'><strong>et</strong></span> <span class='ocrx_word' id='word_1_37' title='bbox 791 605 1052 667; x_wconf 81' lang='lat' dir='ltr'><strong>formulis</strong></span> <span class='ocrx_word' id='word_1_38' title='bbox 1092 606 1243 680; x_wconf 82' lang='lat' dir='ltr'>epici</span> <span class='ocrx_word' id='word_1_39' title='bbox 1281 604 1565 681; x_wconf 81' lang='lat' dir='ltr'><strong>Carminis</strong></span> <span class='ocrx_word' id='word_1_40' title='bbox 1604 604 1857 667; x_wconf 84' lang='lat' dir='ltr'><strong>faciendi</strong></span> <span class='ocrx_word' id='word_1_41' title='bbox 1894 607 2038 667; x_wconf 89' lang='lat' dir='ltr'>nihil</span> <span class='ocrx_word' id='word_1_42' title='bbox 2075 608 2153 667; x_wconf 87' lang='lat' dir='ltr'><strong>ad</strong></span> <span class='ocrx_word' id='word_1_43' title='bbox 2190 624 2469 667; x_wconf 87' lang='lat' dir='ltr'><strong>summam</strong></span> 
     </span>
     <span class='ocr_line' id='line_1_7' title="bbox 460 681 2468 759; baseline 0 -17"><span class='ocrx_word' id='word_1_44' title='bbox 460 686 551 743; x_wconf 92' lang='lat' dir='ltr'><strong>rei</strong></span> <span class='ocrx_word' id='word_1_45' title='bbox 575 683 921 759; x_wconf 86' lang='lat' dir='ltr'><strong>proficimus.</strong></span> <span class='ocrx_word' id='word_1_46' title='bbox 983 684 1190 756; x_wconf 84' lang='lat' dir='ltr'><strong>Neque</strong></span> <span class='ocrx_word' id='word_1_47' title='bbox 1230 683 1383 743; x_wconf 91' lang='lat' dir='ltr'><strong>enim</strong></span> <span class='ocrx_word' id='word_1_48' title='bbox 1411 684 1552 742; x_wconf 88' lang='lat' dir='ltr'><strong>satis</strong></span> <span class='ocrx_word' id='word_1_49' title='bbox 1581 690 1689 756; x_wconf 92' lang='lat' dir='ltr'><strong>est,</strong></span> <span class='ocrx_word' id='word_1_50' title='bbox 1731 681 1978 743; x_wconf 86' lang='lat' dir='ltr'><strong>artificia</strong></span> <span class='ocrx_word' id='word_1_51' title='bbox 2003 685 2303 758; x_wconf 87' lang='lat' dir='ltr'><strong>utriusque</strong></span> <span class='ocrx_word' id='word_1_52' title='bbox 2344 700 2468 744; x_wconf 89' lang='lat' dir='ltr'><strong>cor-</strong></span> 
     </span>
     <span class='ocr_line' id='line_1_8' title="bbox 467 760 2468 851; baseline -0.001 -30"><span class='ocrx_word' id='word_1_53' title='bbox 467 763 627 835; x_wconf 91' lang='lat' dir='ltr'>poris</span> <span class='ocrx_word' id='word_1_54' title='bbox 667 761 965 851; x_wconf 75' lang='lat' dir='ltr'><strong>admirari,</strong></span> <span class='ocrx_word' id='word_1_55' title='bbox 1004 776 1152 833; x_wconf 90' lang='lat' dir='ltr'><strong>quae</strong></span> <span class='ocrx_word' id='word_1_56' title='bbox 1171 776 1321 818; x_wconf 89' lang='lat' dir='ltr'><strong>nunc</strong></span> <span class='ocrx_word' id='word_1_57' title='bbox 1340 760 1554 834; x_wconf 83' lang='lat' dir='ltr'><strong>insunt,</strong></span> <span class='ocrx_word' id='word_1_58' title='bbox 1593 761 1928 834; x_wconf 80' lang='lat' dir='ltr'><strong>primariam</strong></span> <span class='ocrx_word' id='word_1_59' title='bbox 1949 761 2236 833; x_wconf 85' lang='lat' dir='ltr'><strong>quandam</strong></span> <span class='ocrx_word' id='word_1_60' title='bbox 2258 767 2320 821; x_wconf 90' lang='lat' dir='ltr'><strong>et</strong></span> <span class='ocrx_word' id='word_1_61' title='bbox 2336 763 2468 820; x_wconf 93' lang='lat' dir='ltr'><strong>sim-</strong></span> 
     </span>
     <span class='ocr_line' id='line_1_9' title="bbox 467 836 2469 917; baseline 0 -21"><span class='ocrx_word' id='word_1_62' title='bbox 467 839 676 912; x_wconf 90' lang='lat' dir='ltr'><strong>plicem</strong></span> <span class='ocrx_word' id='word_1_63' title='bbox 696 836 919 917; x_wconf 77' lang='grc' dir='ltr'><strong><em>πρᾶξιν,</em></strong></span> <span class='ocrx_word' id='word_1_64' title='bbox 941 854 1001 896; x_wconf 89' lang='lat'><strong>111</strong></span> <span class='ocrx_word' id='word_1_65' title='bbox 1020 838 1272 896; x_wconf 86' lang='lat' dir='ltr'><strong>maxima</strong></span> <span class='ocrx_word' id='word_1_66' title='bbox 1291 837 1578 897; x_wconf 85' lang='lat' dir='ltr'><strong>varietate</strong></span> <span class='ocrx_word' id='word_1_67' title='bbox 1596 853 1792 896; x_wconf 91' lang='lat' dir='ltr'><strong>rerum</strong></span> <span class='ocrx_word' id='word_1_68' title='bbox 1818 844 1880 898; x_wconf 88' lang='lat' dir='ltr'><strong>et</strong></span> <span class='ocrx_word' id='word_1_69' title='bbox 1901 845 2236 898; x_wconf 85' lang='lat' dir='ltr'><strong>eventorum</strong></span> <span class='ocrx_word' id='word_1_70' title='bbox 2255 838 2469 911; x_wconf 90' lang='lat' dir='ltr'><strong>ubique</strong></span> 
     </span>
     <span class='ocr_line' id='line_1_10' title="bbox 465 913 2470 1069; baseline -0 -18"><span class='ocrx_word' id='word_1_71' title='bbox 465 916 892 1069; x_wconf 52' lang='lat' dir='ltr'><strong>fssiffiffin</strong></span> <span class='ocrx_word' id='word_1_72' title='bbox 904 913 2470 1065; x_wconf 48' lang='lat' dir='ltr'><strong>”335353¹¹ss05¹ffl0ff30¹53032..iffi-..3332</strong></span> 
     </span>
     <span class='ocr_line' id='line_1_11' title="bbox 556 1033 2201 1066; baseline -0.001 -18"><span class='ocrx_word' id='word_1_73' title='bbox 556 1034 569 1048; x_wconf 90' lang='lat'><strong>.</strong></span> <span class='ocrx_word' id='word_1_74' title='bbox 1194 1033 1206 1048; x_wconf 96' lang='lat'><strong>.</strong></span> <span class='ocrx_word' id='word_1_75' title='bbox 2186 1038 2201 1066; x_wconf 90' lang='lat'><strong>,</strong></span> 
     </span>
     <span class='ocr_line' id='line_1_12' title="bbox 465 1067 2469 1142; baseline -0.001 -14"><span class='ocrx_word' id='word_1_76' title='bbox 465 1068 542 1128; x_wconf 84' lang='lat' dir='ltr'><strong>ad</strong></span> <span class='ocrx_word' id='word_1_77' title='bbox 572 1069 965 1129; x_wconf 88' lang='lat' dir='ltr'><strong>exornandum</strong></span> <span class='ocrx_word' id='word_1_78' title='bbox 991 1069 1215 1128; x_wconf 88' lang='lat' dir='ltr'><strong>scilicet</strong></span> <span class='ocrx_word' id='word_1_79' title='bbox 1235 1067 1446 1127; x_wconf 88' lang='lat' dir='ltr'><strong>callide</strong></span> <span class='ocrx_word' id='word_1_80' title='bbox 1472 1069 1845 1142; x_wconf 82' lang='lat' dir='ltr'><strong>interposita3</strong></span> <span class='ocrx_word' id='word_1_81' title='bbox 1885 1068 1980 1128; x_wconf 92' lang='lat' dir='ltr'><strong>hic</strong></span> <span class='ocrx_word' id='word_1_82' title='bbox 2005 1071 2195 1129; x_wconf 88' lang='lat' dir='ltr'><strong>omnia</strong></span> <span class='ocrx_word' id='word_1_83' title='bbox 2222 1068 2296 1129; x_wconf 88' lang='lat' dir='ltr'><strong>ad</strong></span> <span class='ocrx_word' id='word_1_84' title='bbox 2323 1070 2469 1128; x_wconf 90' lang='lat' dir='ltr'><strong>iram</strong></span> 
     </span>
     <span class='ocr_line' id='line_1_13' title="bbox 470 1143 2471 1219; baseline -0.001 -14"><span class='ocrx_word' id='word_1_85' title='bbox 470 1144 713 1206; x_wconf 85' lang='lat' dir='ltr'><strong>Achillis</strong></span> <span class='ocrx_word' id='word_1_86' title='bbox 750 1147 961 1219; x_wconf 90' lang='lat' dir='ltr'><strong>relata,</strong></span> <span class='ocrx_word' id='word_1_87' title='bbox 1001 1146 1121 1205; x_wconf 90' lang='lat' dir='ltr'>illic</span> <span class='ocrx_word' id='word_1_88' title='bbox 1158 1144 1235 1204; x_wconf 88' lang='lat' dir='ltr'><strong>ad</strong></span> <span class='ocrx_word' id='word_1_89' title='bbox 1268 1143 1496 1217; x_wconf 86' lang='lat' dir='ltr'><strong>Ulyssis</strong></span> <span class='ocrx_word' id='word_1_90' title='bbox 1533 1145 1810 1218; x_wconf 85' lang='lat' dir='ltr'><strong>reditum3</strong></span> <span class='ocrx_word' id='word_1_91' title='bbox 1850 1145 1995 1205; x_wconf 91' lang='lat' dir='ltr'>nihil</span> <span class='ocrx_word' id='word_1_92' title='bbox 2020 1163 2136 1206; x_wconf 90' lang='lat' dir='ltr'><strong>non</strong></span> <span class='ocrx_word' id='word_1_93' title='bbox 2159 1146 2311 1205; x_wconf 91' lang='lat' dir='ltr'><strong>bene</strong></span> <span class='ocrx_word' id='word_1_94' title='bbox 2337 1162 2471 1206; x_wconf 91' lang='lat' dir='ltr'><strong>con-</strong></span> 
     </span>
     <span class='ocr_line' id='line_1_14' title="bbox 467 1222 2468 1296; baseline -0.002 -15"><span class='ocrx_word' id='word_1_95' title='bbox 467 1223 775 1296; x_wconf 87' lang='lat' dir='ltr'><strong>tinuatum,</strong></span> <span class='ocrx_word' id='word_1_96' title='bbox 814 1223 959 1282; x_wconf 90' lang='lat' dir='ltr'>nihil</span> <span class='ocrx_word' id='word_1_97' title='bbox 984 1228 1448 1296; x_wconf 88' lang='lat' dir='ltr'><strong>praeposterum,</strong></span> <span class='ocrx_word' id='word_1_98' title='bbox 1485 1222 1628 1281; x_wconf 91' lang='lat' dir='ltr'>nihil</span> <span class='ocrx_word' id='word_1_99' title='bbox 1653 1223 2076 1296; x_wconf 84' lang='lat' dir='ltr'><strong>perturbatum,</strong></span> <span class='ocrx_word' id='word_1_100' title='bbox 2115 1223 2260 1281; x_wconf 87' lang='lat' dir='ltr'>nihil</span> <span class='ocrx_word' id='word_1_101' title='bbox 2284 1223 2468 1282; x_wconf 89' lang='lat' dir='ltr'><strong>hians.</strong></span> 
     </span>
     <span class='ocr_line' id='line_1_15' title="bbox 464 1294 2573 1373; baseline -0.002 -15"><span class='ocrx_word' id='word_1_102' title='bbox 464 1299 643 1360; x_wconf 91' lang='lat' dir='ltr'><strong>Plura</strong></span> <span class='ocrx_word' id='word_1_103' title='bbox 661 1299 865 1361; x_wconf 91' lang='lat' dir='ltr'><strong>horum</strong></span> <span class='ocrx_word' id='word_1_104' title='bbox 886 1315 1022 1359; x_wconf 87' lang='lat' dir='ltr'><strong>vere</strong></span> <span class='ocrx_word' id='word_1_105' title='bbox 1043 1294 1428 1372; x_wconf 73' lang='lat' dir='ltr'><strong>dilaudari85),</strong></span> <span class='ocrx_word' id='word_1_106' title='bbox 1451 1300 1576 1372; x_wconf 92' lang='lat' dir='ltr'><strong>quis</strong></span> <span class='ocrx_word' id='word_1_107' title='bbox 1597 1300 1812 1373; x_wconf 77' lang='lat' dir='ltr'><strong>neget?</strong></span> <span class='ocrx_word' id='word_1_108' title='bbox 1835 1300 1909 1358; x_wconf 92' lang='lat' dir='ltr'><strong>de</strong></span> <span class='ocrx_word' id='word_1_109' title='bbox 1925 1300 2187 1373; x_wconf 85' lang='lat' dir='ltr'><strong>Odyssea</strong></span> <span class='ocrx_word' id='word_1_110' title='bbox 2204 1300 2470 1372; x_wconf 85' lang='lat' dir='ltr'>maxime,</span> <span class='ocrx_word' id='word_1_111' title='bbox 2497 1314 2573 1354; x_wconf 82' lang='lat' dir='ltr'><strong>us</strong></span> 
     </span>
     <span class='ocr_line' id='line_1_16' title="bbox 469 1376 2472 1451; baseline -0 -15"><span class='ocrx_word' id='word_1_112' title='bbox 469 1379 634 1436; x_wconf 89' lang='lat' dir='ltr'><strong>cuius</strong></span> <span class='ocrx_word' id='word_1_113' title='bbox 677 1376 1035 1437; x_wconf 87' lang='lat' dir='ltr'><strong>admirabilis</strong></span> <span class='ocrx_word' id='word_1_114' title='bbox 1063 1392 1283 1435; x_wconf 90' lang='lat' dir='ltr'><strong>summa</strong></span> <span class='ocrx_word' id='word_1_115' title='bbox 1312 1382 1373 1435; x_wconf 91' lang='lat' dir='ltr'><strong>et</strong></span> <span class='ocrx_word' id='word_1_116' title='bbox 1399 1393 1707 1450; x_wconf 83' lang='lat' dir='ltr'><strong>compages</strong></span> <span class='ocrx_word' id='word_1_117' title='bbox 1732 1393 1839 1451; x_wconf 92' lang='lat' dir='ltr'><strong>pro</strong></span> <span class='ocrx_word' id='word_1_118' title='bbox 1865 1378 2327 1451; x_wconf 88' lang='lat' dir='ltr'><strong>praeclarissimo</strong></span> <span class='ocrx_word' id='word_1_119' title='bbox 2352 1393 2472 1435; x_wconf 91' lang='lat' dir='ltr'><strong>mo-</strong></span> 
     </span>
     <span class='ocr_line' id='line_1_17' title="bbox 465 1452 2473 1527; baseline -0 -15"><span class='ocrx_word' id='word_1_120' title='bbox 465 1460 743 1515; x_wconf 89' lang='lat' dir='ltr'><strong>numento</strong></span> <span class='ocrx_word' id='word_1_121' title='bbox 772 1454 984 1515; x_wconf 81' lang='lat' dir='ltr'><strong>Graeci</strong></span> <span class='ocrx_word' id='word_1_122' title='bbox 1022 1454 1242 1527; x_wconf 79' lang='lat' dir='ltr'><strong>ingenii</strong></span> <span class='ocrx_word' id='word_1_123' title='bbox 1278 1453 1548 1513; x_wconf 88' lang='lat' dir='ltr'><strong>habenda</strong></span> <span class='ocrx_word' id='word_1_124' title='bbox 1584 1460 1689 1513; x_wconf 90' lang='lat' dir='ltr'><strong>est.</strong></span> <span class='ocrx_word' id='word_1_125' title='bbox 1748 1454 1897 1514; x_wconf 87' lang='lat' dir='ltr'><strong>Nam</strong></span> <span class='ocrx_word' id='word_1_126' title='bbox 1925 1455 1986 1512; x_wconf 93' lang='lat' dir='ltr'><strong>in</strong></span> <span class='ocrx_word' id='word_1_127' title='bbox 2010 1454 2194 1513; x_wconf 81' lang='lat' dir='ltr'>Iliade</span> <span class='ocrx_word' id='word_1_128' title='bbox 2220 1452 2473 1513; x_wconf 89' lang='lat' dir='ltr'><strong>nondum</strong></span> 
     </span>
     <span class='ocr_line' id='line_1_18' title="bbox 470 1530 2473 1605; baseline -0.001 -15"><span class='ocrx_word' id='word_1_129' title='bbox 470 1531 740 1605; x_wconf 87' lang='lat' dir='ltr'><strong>deposita</strong></span> <span class='ocrx_word' id='word_1_130' title='bbox 763 1537 897 1591; x_wconf 91' lang='lat' dir='ltr'><strong>sunt</strong></span> <span class='ocrx_word' id='word_1_131' title='bbox 922 1531 1241 1591; x_wconf 85' lang='lat' dir='ltr'><strong>certamina</strong></span> <span class='ocrx_word' id='word_1_132' title='bbox 1268 1531 1521 1591; x_wconf 85' lang='lat' dir='ltr'><strong>virorum</strong></span> <span class='ocrx_word' id='word_1_133' title='bbox 1542 1531 1839 1591; x_wconf 90' lang='lat' dir='ltr'><strong>doctorum</strong></span> <span class='ocrx_word' id='word_1_134' title='bbox 1868 1531 1941 1589; x_wconf 92' lang='lat' dir='ltr'><strong>de</strong></span> <span class='ocrx_word' id='word_1_135' title='bbox 1967 1547 2163 1590; x_wconf 90' lang='lat' dir='ltr'><strong>rerum</strong></span> <span class='ocrx_word' id='word_1_136' title='bbox 2190 1530 2383 1604; x_wconf 86' lang='lat' dir='ltr'><strong>capite</strong></span> <span class='ocrx_word' id='word_1_137' title='bbox 2413 1534 2473 1587; x_wconf 91' lang='lat' dir='ltr'><strong>et</strong></span> 
     </span>
     <span class='ocr_line' id='line_1_19' title="bbox 471 1607 2475 1683; baseline -0.002 -16"><span class='ocrx_word' id='word_1_138' title='bbox 471 1615 813 1682; x_wconf 87' lang='lat' dir='ltr'><strong>argumento</strong></span> <span class='ocrx_word' id='word_1_139' title='bbox 853 1609 1146 1683; x_wconf 90' lang='lat' dir='ltr'><strong>primario.</strong></span> <span class='ocrx_word' id='word_1_140' title='bbox 1213 1608 1305 1666; x_wconf 92' lang='lat' dir='ltr'><strong>De</strong></span> <span class='ocrx_word' id='word_1_141' title='bbox 1347 1624 1459 1680; x_wconf 90' lang='lat' dir='ltr'><strong>quo</strong></span> <span class='ocrx_word' id='word_1_142' title='bbox 1498 1615 1789 1680; x_wconf 89' lang='lat' dir='ltr'><strong>utcunque</strong></span> <span class='ocrx_word' id='word_1_143' title='bbox 1827 1607 2268 1680; x_wconf 85' lang='lat' dir='ltr'><strong>existimabitur,</strong></span> <span class='ocrx_word' id='word_1_144' title='bbox 2309 1612 2370 1665; x_wconf 90' lang='lat' dir='ltr'><strong>et</strong></span> <span class='ocrx_word' id='word_1_145' title='bbox 2407 1612 2475 1664; x_wconf 91' lang='lat' dir='ltr'><strong>ut</strong></span> 
     </span>
     <span class='ocr_line' id='line_1_20' title="bbox 472 1682 2475 1764; baseline -0.001 -21"><span class='ocrx_word' id='word_1_146' title='bbox 472 1701 675 1744; x_wconf 89' lang='lat' dir='ltr'><strong>sensus</strong></span> <span class='ocrx_word' id='word_1_147' title='bbox 693 1682 1115 1764; x_wconf 78' lang='grc' dir='ltr'><em>προεκθέσεως</em></span> <span class='ocrx_word' id='word_1_148' title='bbox 1133 1685 1465 1758; x_wconf 79' lang='lat' dir='ltr'><strong>longissime</strong></span> <span class='ocrx_word' id='word_1_149' title='bbox 1492 1690 1714 1758; x_wconf 87' lang='lat' dir='ltr'><strong>pateat,</strong></span> <span class='ocrx_word' id='word_1_150' title='bbox 1736 1686 1975 1759; x_wconf 90' lang='lat' dir='ltr'><strong>(quippe</strong></span> <span class='ocrx_word' id='word_1_151' title='bbox 2002 1684 2363 1744; x_wconf 84' lang='lat' dir='ltr'><strong>suffecissent</strong></span> <span class='ocrx_word' id='word_1_152' title='bbox 2386 1683 2475 1740; x_wconf 91' lang='lat' dir='ltr'>illi</span> 
     </span>
     <span class='ocr_line' id='line_1_21' title="bbox 471 1760 2470 1837; baseline -0.002 -16"><span class='ocrx_word' id='word_1_153' title='bbox 471 1763 693 1835; x_wconf 83' lang='lat' dir='ltr'><strong>aliquot</strong></span> <span class='ocrx_word' id='word_1_154' title='bbox 729 1764 1082 1837; x_wconf 90' lang='lat' dir='ltr'><strong>proeliorum</strong></span> <span class='ocrx_word' id='word_1_155' title='bbox 1121 1762 1362 1822; x_wconf 82' lang='lat' dir='ltr'><strong>absente</strong></span> <span class='ocrx_word' id='word_1_156' title='bbox 1402 1760 1628 1821; x_wconf 83' lang='lat' dir='ltr'>Achille</span> <span class='ocrx_word' id='word_1_157' title='bbox 1669 1760 1954 1822; x_wconf 87' lang='lat' dir='ltr'><strong>factorum</strong></span> <span class='ocrx_word' id='word_1_158' title='bbox 1995 1761 2414 1835; x_wconf 87' lang='lat' dir='ltr'><strong>descriptiones</strong></span> <span class='ocrx_word' id='word_1_159' title='bbox 2430 1763 2470 1831; x_wconf 73' lang='grc' dir='ltr'><strong>ε)</strong></span> 
     </span>
     <span class='ocr_line' id='line_1_22' title="bbox 468 1839 2474 1913; baseline -0.002 -15"><span class='ocrx_word' id='word_1_160' title='bbox 468 1856 760 1912; x_wconf 86' lang='lat' dir='ltr'><strong>nunquam</strong></span> <span class='ocrx_word' id='word_1_161' title='bbox 785 1846 981 1903; x_wconf 88' lang='lat' dir='ltr'><strong>tamen</strong></span> <span class='ocrx_word' id='word_1_162' title='bbox 1008 1841 1184 1899; x_wconf 90' lang='lat' dir='ltr'><strong>certis</strong></span> <span class='ocrx_word' id='word_1_163' title='bbox 1212 1839 1568 1912; x_wconf 83' lang='lat' dir='ltr'><strong>argumentis</strong></span> <span class='ocrx_word' id='word_1_164' title='bbox 1596 1839 1916 1913; x_wconf 84' lang='lat' dir='ltr'><strong>docebitur,</strong></span> <span class='ocrx_word' id='word_1_165' title='bbox 1954 1845 2177 1913; x_wconf 90' lang='lat' dir='ltr'><strong>septem</strong></span> <span class='ocrx_word' id='word_1_166' title='bbox 2197 1839 2327 1897; x_wconf 88' lang='lat' dir='ltr'><strong>illos</strong></span> <span class='ocrx_word' id='word_1_167' title='bbox 2347 1852 2474 1895; x_wconf 86' lang='lat' dir='ltr'><strong>ver-</strong></span> 
     </span>
     <span class='ocr_line' id='line_1_23' title="bbox 470 1914 2474 1991; baseline -0.002 -15"><span class='ocrx_word' id='word_1_168' title='bbox 470 1933 567 1976; x_wconf 87' lang='lat' dir='ltr'><strong>sus</strong></span> <span class='ocrx_word' id='word_1_169' title='bbox 613 1917 925 1991; x_wconf 86' lang='lat' dir='ltr'><strong>quidquam</strong></span> <span class='ocrx_word' id='word_1_170' title='bbox 959 1918 1117 1977; x_wconf 89' lang='lat' dir='ltr'><strong>ultra</strong></span> <span class='ocrx_word' id='word_1_171' title='bbox 1150 1918 1491 1991; x_wconf 88' lang='lat' dir='ltr'><strong>promittere</strong></span> <span class='ocrx_word' id='word_1_172' title='bbox 1531 1933 1702 1989; x_wconf 89' lang='lat' dir='ltr'><strong>quam</strong></span> <span class='ocrx_word' id='word_1_173' title='bbox 1720 1916 1916 1976; x_wconf 88' lang='lat' dir='ltr'>XVIII</span> <span class='ocrx_word' id='word_1_174' title='bbox 1939 1915 2301 1990; x_wconf 85' lang='lat' dir='ltr'><strong>rhapsodias.</strong></span> <span class='ocrx_word' id='word_1_175' title='bbox 2359 1914 2474 1973; x_wconf 87' lang='lat' dir='ltr'><strong>Re-</strong></span> 
     </span>
     <span class='ocr_line' id='line_1_24' title="bbox 470 1992 2474 2068; baseline -0.002 -15"><span class='ocrx_word' id='word_1_176' title='bbox 470 1994 664 2067; x_wconf 91' lang='lat' dir='ltr'><strong>liquae</strong></span> <span class='ocrx_word' id='word_1_177' title='bbox 709 2012 823 2056; x_wconf 92' lang='lat' dir='ltr'><strong>non</strong></span> <span class='ocrx_word' id='word_1_178' title='bbox 858 1996 1005 2055; x_wconf 88' lang='lat' dir='ltr'><strong>iram</strong></span> <span class='ocrx_word' id='word_1_179' title='bbox 1040 1993 1283 2054; x_wconf 88' lang='lat' dir='ltr'><strong>Achillis</strong></span> <span class='ocrx_word' id='word_1_180' title='bbox 1320 1993 1382 2052; x_wconf 93' lang='lat' dir='ltr'><strong>in</strong></span> <span class='ocrx_word' id='word_1_181' title='bbox 1421 1992 1910 2068; x_wconf 86' lang='lat' dir='ltr'><strong>Agamemnonem</strong></span> <span class='ocrx_word' id='word_1_182' title='bbox 1948 2000 2008 2053; x_wconf 89' lang='lat' dir='ltr'><strong>et</strong></span> <span class='ocrx_word' id='word_1_183' title='bbox 2047 1993 2302 2053; x_wconf 86' lang='lat' dir='ltr'><strong>Graecos</strong></span> <span class='ocrx_word' id='word_1_184' title='bbox 2344 2008 2474 2051; x_wconf 90' lang='lat' dir='ltr'><strong>con-</strong></span> 
     </span>
     <span class='ocr_line' id='line_1_25' title="bbox 470 2066 2474 2146; baseline -0.002 -16"><span class='ocrx_word' id='word_1_185' title='bbox 470 2073 677 2145; x_wconf 88' lang='lat' dir='ltr'><strong>tinent,</strong></span> <span class='ocrx_word' id='word_1_186' title='bbox 718 2072 823 2131; x_wconf 92' lang='lat' dir='ltr'><strong>sed</strong></span> <span class='ocrx_word' id='word_1_187' title='bbox 862 2089 1086 2144; x_wconf 88' lang='lat' dir='ltr'><strong>novam,</strong></span> <span class='ocrx_word' id='word_1_188' title='bbox 1126 2088 1164 2131; x_wconf 88' lang='lat' dir='ltr'><strong>a</strong></span> <span class='ocrx_word' id='word_1_189' title='bbox 1189 2070 1397 2146; x_wconf 60' lang='lat' dir='ltr'><strong>”priore</strong></span> <span class='ocrx_word' id='word_1_190' title='bbox 1435 2072 1606 2146; x_wconf 88' lang='lat' dir='ltr'><strong>longe</strong></span> <span class='ocrx_word' id='word_1_191' title='bbox 1647 2071 1934 2131; x_wconf 86' lang='lat' dir='ltr'><strong>diversam</strong></span> <span class='ocrx_word' id='word_1_192' title='bbox 1972 2071 2319 2143; x_wconf 90' lang='lat' dir='ltr'><strong>minimeque</strong></span> <span class='ocrx_word' id='word_1_193' title='bbox 2357 2066 2474 2126; x_wconf 90' lang='lat' dir='ltr'><strong>illis</strong></span> 
     </span>
     <span class='ocr_line' id='line_1_26' title="bbox 476 2147 2475 2222; baseline -0.002 -15"><span class='ocrx_word' id='word_1_194' title='bbox 476 2164 728 2222; x_wconf 86' lang='lat' dir='ltr'><strong>gravem,</strong></span> <span class='ocrx_word' id='word_1_195' title='bbox 770 2150 832 2208; x_wconf 93' lang='lat' dir='ltr'><strong>id</strong></span> <span class='ocrx_word' id='word_1_196' title='bbox 872 2153 963 2211; x_wconf 77' lang='lat' dir='ltr'><strong>e‘st</strong></span> <span class='ocrx_word' id='word_1_197' title='bbox 1003 2150 1127 2208; x_wconf 90' lang='lat' dir='ltr'><strong>eius</strong></span> <span class='ocrx_word' id='word_1_198' title='bbox 1166 2149 1309 2222; x_wconf 91' lang='lat' dir='ltr'><strong>irae,</strong></span> <span class='ocrx_word' id='word_1_199' title='bbox 1351 2164 1524 2221; x_wconf 83' lang='lat' dir='ltr'><strong>quam</strong></span> <span class='ocrx_word' id='word_1_200' title='bbox 1563 2150 1744 2209; x_wconf 90' lang='lat' dir='ltr'><strong>solam</strong></span> <span class='ocrx_word' id='word_1_201' title='bbox 1781 2149 1884 2208; x_wconf 90' lang='lat' dir='ltr'><strong>isti</strong></span> <span class='ocrx_word' id='word_1_202' title='bbox 1921 2164 2122 2206; x_wconf 87' lang='lat' dir='ltr'><strong>versus</strong></span> <span class='ocrx_word' id='word_1_203' title='bbox 2150 2147 2475 2219; x_wconf 85' lang='lat' dir='ltr'><strong>designant,</strong></span> 
     </span>
     <span class='ocr_line' id='line_1_27' title="bbox 476 2224 2475 2300; baseline -0.002 -17"><span class='ocrx_word' id='word_1_204' title='bbox 476 2226 872 2300; x_wconf 88' lang='lat' dir='ltr'><strong>appendicem.</strong></span> <span class='ocrx_word' id='word_1_205' title='bbox 937 2226 1157 2299; x_wconf 78' lang='lat' dir='ltr'><strong>Quodsi</strong></span> <span class='ocrx_word' id='word_1_206' title='bbox 1193 2227 1386 2286; x_wconf 90' lang='lat' dir='ltr'><strong>omnia</strong></span> <span class='ocrx_word' id='word_1_207' title='bbox 1413 2224 1765 2286; x_wconf 86' lang='lat' dir='ltr'><strong>Graecorum</strong></span> <span class='ocrx_word' id='word_1_208' title='bbox 1801 2225 1878 2285; x_wconf 88' lang='lat' dir='ltr'><strong>ad</strong></span> <span class='ocrx_word' id='word_1_209' title='bbox 1904 2224 2137 2285; x_wconf 88' lang='lat' dir='ltr'><strong>Troiam</strong></span> <span class='ocrx_word' id='word_1_210' title='bbox 2163 2230 2332 2297; x_wconf 85' lang='lat' dir='ltr'><strong>gesta</strong></span> <span class='ocrx_word' id='word_1_211' title='bbox 2359 2238 2475 2282; x_wconf 93' lang='lat' dir='ltr'><strong>om-</strong></span> 
     </span>
    </p>
   </div>
   <div class='ocr_carea' id='block_1_3' title="bbox 476 2359 881 2371">
    <p class='ocr_par' dir='ltr' id='par_1_3' title="bbox 476 2359 881 2371">
     <span class='ocr_line' id='line_1_28' title="bbox 476 2359 881 2371; baseline 0 0"><span class='ocrx_word' id='word_1_212' title='bbox 476 2359 881 2371; x_wconf 95' lang='lat' dir='ltr'><strong> </strong></span> 
     </span>
    </p>
   </div>
   <div class='ocr_carea' id='block_1_4' title="bbox 431 2414 2482 3448">
    <p class='ocr_par' dir='ltr' id='par_1_4' title="bbox 431 2414 2482 3448">
     <span class='ocr_line' id='line_1_29' title="bbox 608 2414 2475 2501; baseline -0.004 -25"><span class='ocrx_word' id='word_1_213' title='bbox 608 2422 681 2501; x_wconf 75' lang='lat'><strong>85)</strong></span> <span class='ocrx_word' id='word_1_214' title='bbox 716 2420 982 2476; x_wconf 83' lang='lat' dir='ltr'><strong>Continuo</strong></span> <span class='ocrx_word' id='word_1_215' title='bbox 1017 2421 1213 2476; x_wconf 83' lang='lat' dir='ltr'><strong>falsum</strong></span> <span class='ocrx_word' id='word_1_216' title='bbox 1248 2427 1348 2490; x_wconf 88' lang='lat' dir='ltr'><strong>est,</strong></span> <span class='ocrx_word' id='word_1_217' title='bbox 1385 2421 1529 2490; x_wconf 90' lang='lat' dir='ltr'><strong>quod</strong></span> <span class='ocrx_word' id='word_1_218' title='bbox 1552 2426 1767 2489; x_wconf 74' lang='lat' dir='ltr'><strong>poetam</strong></span> <span class='ocrx_word' id='word_1_219' title='bbox 1790 2420 1848 2473; x_wconf 92' lang='lat' dir='ltr'><strong>in</strong></span> <span class='ocrx_word' id='word_1_220' title='bbox 1870 2417 2040 2473; x_wconf 82' lang='lat' dir='ltr'><strong>Iliade</strong></span> <span class='ocrx_word' id='word_1_221' title='bbox 2063 2417 2311 2471; x_wconf 84' lang='lat' dir='ltr'><strong>universo</strong></span> <span class='ocrx_word' id='word_1_222' title='bbox 2333 2414 2475 2470; x_wconf 91' lang='lat' dir='ltr'><strong>bello</strong></span> 
     </span>
     <span class='ocr_line' id='line_1_30' title="bbox 431 2486 2476 2558; baseline -0.004 -12"><span class='ocrx_word' id='word_1_223' title='bbox 431 2531 439 2539; x_wconf 91' lang='lat'><strong>.</strong></span> <span class='ocrx_word' id='word_1_224' title='bbox 473 2489 764 2546; x_wconf 80' lang='lat' dir='ltr'><strong>artificiose</strong></span> <span class='ocrx_word' id='word_1_225' title='bbox 798 2505 955 2545; x_wconf 88' lang='lat' dir='ltr'><strong>usum</strong></span> <span class='ocrx_word' id='word_1_226' title='bbox 989 2496 1187 2558; x_wconf 84' lang='lat' dir='ltr'><strong>putant</strong></span> <span class='ocrx_word' id='word_1_227' title='bbox 1220 2490 1625 2545; x_wconf 78' lang='lat' dir='ltr'><strong>adornandum</strong></span> <span class='ocrx_word' id='word_1_228' title='bbox 1661 2494 1718 2544; x_wconf 91' lang='lat' dir='ltr'><strong>et</strong></span> <span class='ocrx_word' id='word_1_229' title='bbox 1751 2486 2260 2557; x_wconf 86' lang='lat' dir='ltr'><strong>amplificandumar</strong></span> <span class='ocrx_word' id='word_1_230' title='bbox 2388 2499 2476 2538; x_wconf 89' lang='lat' dir='ltr'><strong>en-</strong></span> 
     </span>
     <span class='ocr_line' id='line_1_31' title="bbox 470 2553 2474 2631; baseline -0.003 -19"><span class='ocrx_word' id='word_1_231' title='bbox 470 2567 592 2614; x_wconf 90' lang='lat' dir='ltr'><strong>tum</strong></span> <span class='ocrx_word' id='word_1_232' title='bbox 627 2573 799 2613; x_wconf 88' lang='lat' dir='ltr'><strong>suum.</strong></span> <span class='ocrx_word' id='word_1_233' title='bbox 867 2556 1147 2627; x_wconf 87' lang='lat' dir='ltr'><strong>Repetunt</strong></span> <span class='ocrx_word' id='word_1_234' title='bbox 1180 2557 1284 2614; x_wconf 92' lang='lat' dir='ltr'><strong>hoc</strong></span> <span class='ocrx_word' id='word_1_235' title='bbox 1319 2574 1390 2612; x_wconf 88' lang='lat' dir='ltr'><strong>ex</strong></span> <span class='ocrx_word' id='word_1_236' title='bbox 1423 2564 1554 2612; x_wconf 82' lang='lat' dir='ltr'><strong>vett.</strong></span> <span class='ocrx_word' id='word_1_237' title='bbox 1592 2556 1984 2624; x_wconf 78' lang='lat' dir='ltr'><strong>Grammaticis,</strong></span> <span class='ocrx_word' id='word_1_238' title='bbox 2018 2555 2074 2608; x_wconf 92' lang='lat' dir='ltr'><strong>in</strong></span> <span class='ocrx_word' id='word_1_239' title='bbox 2107 2570 2189 2623; x_wconf 88' lang='lat' dir='ltr'><strong>pr.</strong></span> <span class='ocrx_word' id='word_1_240' title='bbox 2276 2553 2474 2631; x_wconf 82' lang='lat' dir='ltr'><strong>ustath.</strong></span> 
     </span>
     <span class='ocr_line' id='line_1_32' title="bbox 474 2622 2479 2697; baseline -0.005 -13"><span class='ocrx_word' id='word_1_241' title='bbox 474 2644 529 2696; x_wconf 87' lang='lat' dir='ltr'><strong>p.</strong></span> <span class='ocrx_word' id='word_1_242' title='bbox 555 2630 623 2696; x_wconf 66' lang='lat'><strong>7,</strong></span> <span class='ocrx_word' id='word_1_243' title='bbox 662 2627 756 2697; x_wconf 95' lang='lat' dir='ltr'><strong>qui</strong></span> <span class='ocrx_word' id='word_1_244' title='bbox 789 2626 1124 2695; x_wconf 88' lang='lat' dir='ltr'><strong>ineptissima</strong></span> <span class='ocrx_word' id='word_1_245' title='bbox 1158 2625 1215 2681; x_wconf 88' lang='lat' dir='ltr'><strong>in</strong></span> <span class='ocrx_word' id='word_1_246' title='bbox 1249 2626 1389 2681; x_wconf 88' lang='lat' dir='ltr'><strong>hanc</strong></span> <span class='ocrx_word' id='word_1_247' title='bbox 1424 2626 1746 2681; x_wconf 87' lang='lat' dir='ltr'><strong>sententiam</strong></span> <span class='ocrx_word' id='word_1_248' title='bbox 1781 2624 1956 2692; x_wconf 83' lang='lat' dir='ltr'><strong>affert,</strong></span> <span class='ocrx_word' id='word_1_249' title='bbox 1993 2622 2264 2678; x_wconf 81' lang='lat' dir='ltr'><strong>contraria</strong></span> <span class='ocrx_word' id='word_1_250' title='bbox 2298 2627 2479 2688; x_wconf 79' lang='lat' dir='ltr'><strong>etiam,</strong></span> 
     </span>
     <span class='ocr_line' id='line_1_33' title="bbox 475 2690 2477 2763; baseline -0.003 -14"><span class='ocrx_word' id='word_1_251' title='bbox 475 2696 577 2749; x_wconf 88' lang='lat' dir='ltr'><strong>etsi</strong></span> <span class='ocrx_word' id='word_1_252' title='bbox 620 2694 724 2749; x_wconf 92' lang='lat' dir='ltr'><strong>hoc</strong></span> <span class='ocrx_word' id='word_1_253' title='bbox 769 2710 877 2750; x_wconf 90' lang='lat' dir='ltr'><strong>non</strong></span> <span class='ocrx_word' id='word_1_254' title='bbox 925 2695 1158 2763; x_wconf 87' lang='lat' dir='ltr'><strong>capitale</strong></span> <span class='ocrx_word' id='word_1_255' title='bbox 1208 2695 1374 2762; x_wconf 89' lang='lat' dir='ltr'><strong>duco,</strong></span> <span class='ocrx_word' id='word_1_256' title='bbox 1419 2694 1763 2749; x_wconf 89' lang='lat' dir='ltr'><strong>Aristoteleis</strong></span> <span class='ocrx_word' id='word_1_257' title='bbox 1796 2694 1852 2747; x_wconf 92' lang='lat' dir='ltr'><strong>in</strong></span> <span class='ocrx_word' id='word_1_258' title='bbox 1887 2693 2039 2748; x_wconf 70' lang='lat' dir='ltr'><strong>Poet.</strong></span> <span class='ocrx_word' id='word_1_259' title='bbox 2075 2706 2120 2745; x_wconf 91' lang='lat' dir='ltr'><strong>c.</strong></span> <span class='ocrx_word' id='word_1_260' title='bbox 2156 2694 2239 2745; x_wconf 82' lang='lat'><strong>23.</strong></span> <span class='ocrx_word' id='word_1_261' title='bbox 2308 2690 2477 2743; x_wconf 90' lang='lat' dir='ltr'><strong>Immo</strong></span> 
     </span>
     <span class='ocr_line' id='line_1_34' title="bbox 473 2757 2477 2833; baseline -0.003 -16"><span class='ocrx_word' id='word_1_262' title='bbox 473 2763 554 2817; x_wconf 94' lang='lat' dir='ltr'>illi</span> <span class='ocrx_word' id='word_1_263' title='bbox 587 2763 786 2832; x_wconf 88' lang='lat' dir='ltr'><strong>partim</strong></span> <span class='ocrx_word' id='word_1_264' title='bbox 811 2778 919 2817; x_wconf 90' lang='lat' dir='ltr'><strong>non</strong></span> <span class='ocrx_word' id='word_1_265' title='bbox 943 2763 1168 2818; x_wconf 90' lang='lat' dir='ltr'><strong>obscure</strong></span> <span class='ocrx_word' id='word_1_266' title='bbox 1192 2762 1511 2833; x_wconf 83' lang='lat' dir='ltr'><strong>significant,</strong></span> <span class='ocrx_word' id='word_1_267' title='bbox 1547 2768 1718 2817; x_wconf 88' lang='lat' dir='ltr'><strong>totum</strong></span> <span class='ocrx_word' id='word_1_268' title='bbox 1742 2759 1942 2816; x_wconf 89' lang='lat' dir='ltr'><strong>bellum</strong></span> <span class='ocrx_word' id='word_1_269' title='bbox 1960 2761 2017 2813; x_wconf 94' lang='lat' dir='ltr'><strong>in</strong></span> <span class='ocrx_word' id='word_1_270' title='bbox 2041 2758 2209 2813; x_wconf 89' lang='lat' dir='ltr'><strong>Iliade</strong></span> <span class='ocrx_word' id='word_1_271' title='bbox 2233 2757 2477 2812; x_wconf 90' lang='lat' dir='ltr'><strong>describi.</strong></span> 
     </span>
     <span class='ocr_line' id='line_1_35' title="bbox 473 2827 2482 2905; baseline -0.003 -19"><span class='ocrx_word' id='word_1_272' title='bbox 473 2833 527 2886; x_wconf 80' lang='lat' dir='ltr'>A</span> <span class='ocrx_word' id='word_1_273' title='bbox 560 2831 759 2886; x_wconf 89' lang='lat' dir='ltr'><strong>talibus</strong></span> <span class='ocrx_word' id='word_1_274' title='bbox 792 2832 1065 2899; x_wconf 84' lang='lat' dir='ltr'><strong>magistris</strong></span> <span class='ocrx_word' id='word_1_275' title='bbox 1099 2847 1207 2886; x_wconf 89' lang='lat' dir='ltr'><strong>non</strong></span> <span class='ocrx_word' id='word_1_276' title='bbox 1221 2903 1224 2905; x_wconf 9' lang='grc' dir='ltr'><strong>η</strong></span> <span class='ocrx_word' id='word_1_277' title='bbox 1240 2832 1519 2900; x_wconf 86' lang='lat' dir='ltr'><strong>profectus</strong></span> <span class='ocrx_word' id='word_1_278' title='bbox 1552 2837 1803 2887; x_wconf 88' lang='lat' dir='ltr'><strong>neutrum</strong></span> <span class='ocrx_word' id='word_1_279' title='bbox 1838 2830 1895 2884; x_wconf 90' lang='lat' dir='ltr'><strong>in</strong></span> <span class='ocrx_word' id='word_1_280' title='bbox 1931 2844 1997 2883; x_wconf 85' lang='lat' dir='ltr'><strong>ea</strong></span> <span class='ocrx_word' id='word_1_281' title='bbox 2026 2827 2146 2882; x_wconf 88' lang='lat' dir='ltr'><strong>fieri</strong></span> <span class='ocrx_word' id='word_1_282' title='bbox 2164 2827 2292 2881; x_wconf 85' lang='lat' dir='ltr'><strong>data</strong></span> <span class='ocrx_word' id='word_1_283' title='bbox 2313 2839 2482 2905; x_wconf 84' lang='lat' dir='ltr'><strong>opera</strong></span> 
     </span>
     <span class='ocr_line' id='line_1_36' title="bbox 476 2894 2479 2969; baseline -0.003 -16"><span class='ocrx_word' id='word_1_284' title='bbox 476 2899 752 2967; x_wconf 87' lang='lat' dir='ltr'><strong>fatebitur,</strong></span> <span class='ocrx_word' id='word_1_285' title='bbox 787 2915 889 2954; x_wconf 93' lang='lat' dir='ltr'><strong>nec</strong></span> <span class='ocrx_word' id='word_1_286' title='bbox 924 2899 1086 2954; x_wconf 83' lang='lat' dir='ltr'><strong>aliam</strong></span> <span class='ocrx_word' id='word_1_287' title='bbox 1121 2905 1294 2954; x_wconf 87' lang='lat' dir='ltr'><strong>artem</strong></span> <span class='ocrx_word' id='word_1_288' title='bbox 1318 2914 1585 2969; x_wconf 85' lang='lat' dir='ltr'><strong>apparere</strong></span> <span class='ocrx_word' id='word_1_289' title='bbox 1636 2899 1740 2953; x_wconf 93' lang='lat' dir='ltr'><strong>nisi</strong></span> <span class='ocrx_word' id='word_1_290' title='bbox 1764 2914 1901 2965; x_wconf 86' lang='lat' dir='ltr'><strong>eam,</strong></span> <span class='ocrx_word' id='word_1_291' title='bbox 1939 2912 2100 2967; x_wconf 85' lang='lat' dir='ltr'><strong>quam</strong></span> <span class='ocrx_word' id='word_1_292' title='bbox 2156 2897 2298 2949; x_wconf 84' lang='lat' dir='ltr'><strong>lures</strong></span> <span class='ocrx_word' id='word_1_293' title='bbox 2314 2894 2479 2948; x_wconf 78' lang='lat' dir='ltr'><strong>histo·</strong></span> 
     </span>
     <span class='ocr_line' id='line_1_37' title="bbox 474 2913 2480 3037; baseline -0.003 -16"><span class='ocrx_word' id='word_1_294' title='bbox 474 2967 573 3022; x_wconf 87' lang='lat' dir='ltr'><strong>rici</strong></span> <span class='ocrx_word' id='word_1_295' title='bbox 651 2969 1012 3036; x_wconf 86' lang='lat' dir='ltr'><strong>uaesiverunt,</strong></span> <span class='ocrx_word' id='word_1_296' title='bbox 1048 2968 1141 3037; x_wconf 93' lang='lat' dir='ltr'><strong>qui</strong></span> <span class='ocrx_word' id='word_1_297' title='bbox 1157 2967 1350 3023; x_wconf 82' lang='lat' dir='ltr'><strong>breves</strong></span> <span class='ocrx_word' id='word_1_298' title='bbox 1366 2974 1553 3037; x_wconf 87' lang='lat' dir='ltr'><strong>partes</strong></span> <span class='ocrx_word' id='word_1_299' title='bbox 1574 2939 1832 3021; x_wconf 67' lang='lat' dir='ltr'><strong>historiae</strong></span> <span class='ocrx_word' id='word_1_300' title='bbox 1851 2913 2210 3035; x_wconf 41' lang='lat' dir='ltr'><strong>singularilffus</strong></span> <span class='ocrx_word' id='word_1_301' title='bbox 2227 2961 2480 3031; x_wconf 88' lang='lat' dir='ltr'><strong>operibus</strong></span> 
     </span>
     <span class='ocr_line' id='line_1_38' title="bbox 475 3035 2480 3111; baseline -0.004 -21"><span class='ocrx_word' id='word_1_302' title='bbox 475 3051 632 3105; x_wconf 89' lang='lat' dir='ltr'><strong>comp</strong></span> <span class='ocrx_word' id='word_1_303' title='bbox 655 3036 743 3091; x_wconf 84' lang='lat' dir='ltr'><strong>exi</strong></span> <span class='ocrx_word' id='word_1_304' title='bbox 778 3042 920 3100; x_wconf 88' lang='lat' dir='ltr'><strong>sunt,</strong></span> <span class='ocrx_word' id='word_1_305' title='bbox 955 3036 1043 3090; x_wconf 82' lang='lat' dir='ltr'><strong>vel</strong></span> <span class='ocrx_word' id='word_1_306' title='bbox 1079 3052 1239 3105; x_wconf 82' lang='lat' dir='ltr'><strong>quam</strong></span> <span class='ocrx_word' id='word_1_307' title='bbox 1274 3035 1463 3091; x_wconf 84' lang='lat' dir='ltr'><strong>Cicero</strong></span> <span class='ocrx_word' id='word_1_308' title='bbox 1497 3036 1750 3105; x_wconf 89' lang='lat' dir='ltr'><strong>Lucceio,</strong></span> <span class='ocrx_word' id='word_1_309' title='bbox 1797 3041 2012 3103; x_wconf 86' lang='lat' dir='ltr'><strong>sperato</strong></span> <span class='ocrx_word' id='word_1_310' title='bbox 2048 3048 2228 3086; x_wconf 89' lang='lat' dir='ltr'><strong>rerum</strong></span> <span class='ocrx_word' id='word_1_311' title='bbox 2263 3044 2480 3111; x_wconf 73' lang='lat' dir='ltr'><strong>suarum</strong></span> 
     </span>
     <span class='ocr_line' id='line_1_39' title="bbox 480 3100 2481 3173; baseline -0.005 -15"><span class='ocrx_word' id='word_1_312' title='bbox 480 3104 747 3173; x_wconf 82' lang='lat' dir='ltr'><strong>scriptori,</strong></span> <span class='ocrx_word' id='word_1_313' title='bbox 784 3105 1124 3160; x_wconf 80' lang='lat' dir='ltr'><strong>commendat</strong></span> <span class='ocrx_word' id='word_1_314' title='bbox 1145 3106 1496 3171; x_wconf 68' lang='lat' dir='ltr'><strong>festinationis</strong></span> <span class='ocrx_word' id='word_1_315' title='bbox 1519 3123 1695 3173; x_wconf 72' lang='lat' dir='ltr'><strong>cauea,</strong></span> <span class='ocrx_word' id='word_1_316' title='bbox 1731 3118 1945 3173; x_wconf 71' lang='lat' dir='ltr'><strong>rogam,</strong></span> <span class='ocrx_word' id='word_1_317' title='bbox 1980 3111 2037 3153; x_wconf 80' lang='lat' dir='ltr'><strong>ut</strong></span> <span class='ocrx_word' id='word_1_318' title='bbox 2060 3100 2481 3153; x_wconf 67' lang='lat' dir='ltr'><strong>acontinentzbuae</strong></span> 
     </span>
     <span class='ocr_line' id='line_1_40' title="bbox 484 3169 2478 3241; baseline -0.004 -16"><span class='ocrx_word' id='word_1_319' title='bbox 484 3175 587 3226; x_wconf 68' lang='lat' dir='ltr'><strong>tuin</strong></span> <span class='ocrx_word' id='word_1_320' title='bbox 618 3175 842 3241; x_wconf 67' lang='lat' dir='ltr'><strong>scriptis,</strong></span> <span class='ocrx_word' id='word_1_321' title='bbox 890 3176 946 3225; x_wconf 78' lang='lat' dir='ltr'><strong>in</strong></span> <span class='ocrx_word' id='word_1_322' title='bbox 993 3175 1177 3240; x_wconf 69' lang='lat' dir='ltr'><strong>quibua</strong></span> <span class='ocrx_word' id='word_1_323' title='bbox 1206 3183 1514 3240; x_wconf 75' lang='lat' dir='ltr'><strong>perpetuam</strong></span> <span class='ocrx_word' id='word_1_324' title='bbox 1545 3190 1721 3225; x_wconf 79' lang='lat' dir='ltr'><strong>rerum</strong></span> <span class='ocrx_word' id='word_1_325' title='bbox 1749 3182 2008 3241; x_wconf 66' lang='lat' dir='ltr'><strong>gestarum</strong></span> <span class='ocrx_word' id='word_1_326' title='bbox 2054 3169 2311 3220; x_wconf 72' lang='lat' dir='ltr'><strong>historiam</strong></span> <span class='ocrx_word' id='word_1_327' title='bbox 2345 3183 2478 3218; x_wconf 87' lang='lat' dir='ltr'><strong>com-</strong></span> 
     </span>
     <span class='ocr_line' id='line_1_41' title="bbox 479 3242 2480 3314; baseline -0.005 -19"><span class='ocrx_word' id='word_1_328' title='bbox 479 3243 734 3308; x_wconf 72' lang='lat' dir='ltr'><strong>plecteris,</strong></span> <span class='ocrx_word' id='word_1_329' title='bbox 771 3259 1008 3295; x_wconf 66' lang='lat' dir='ltr'><strong>secernas</strong></span> <span class='ocrx_word' id='word_1_330' title='bbox 1043 3242 1179 3293; x_wconf 74' lang='lat' dir='ltr'><strong>hanc</strong></span> <span class='ocrx_word' id='word_1_331' title='bbox 1214 3242 1366 3309; x_wconf 73' lang='lat' dir='ltr'><strong>quasi</strong></span> <span class='ocrx_word' id='word_1_332' title='bbox 1395 3242 1629 3302; x_wconf 81' lang='lat' dir='ltr'><strong>fabulam</strong></span> <span class='ocrx_word' id='word_1_333' title='bbox 1665 3258 1842 3293; x_wconf 74' lang='lat' dir='ltr'><strong>rerum</strong></span> <span class='ocrx_word' id='word_1_334' title='bbox 1877 3248 2261 3302; x_wconf 76' lang='lat' dir='ltr'><strong>eventorumque</strong></span> <span class='ocrx_word' id='word_1_335' title='bbox 2283 3243 2480 3314; x_wconf 56' lang='grc' dir='ltr'><strong>πυριγο-</strong></span> 
     </span>
     <span class='ocr_line' id='line_1_42' title="bbox 482 3301 2481 3380; baseline -0.002 -19"><span class='ocrx_word' id='word_1_336' title='bbox 482 3327 615 3363; x_wconf 79' lang='lat' dir='ltr'><strong>rum.</strong></span> <span class='ocrx_word' id='word_1_337' title='bbox 687 3309 949 3378; x_wconf 84' lang='lat' dir='ltr'><strong>Scriptori</strong></span> <span class='ocrx_word' id='word_1_338' title='bbox 995 3309 1157 3365; x_wconf 86' lang='lat' dir='ltr'><strong>huius</strong></span> <span class='ocrx_word' id='word_1_339' title='bbox 1208 3309 1423 3378; x_wconf 82' lang='lat' dir='ltr'><strong>generis</strong></span> <span class='ocrx_word' id='word_1_340' title='bbox 1458 3308 1607 3380; x_wconf 79' lang='lat' dir='ltr'><strong>=adeo</strong></span> <span class='ocrx_word' id='word_1_341' title='bbox 1657 3323 1822 3377; x_wconf 86' lang='lat' dir='ltr'><strong>saepe</strong></span> <span class='ocrx_word' id='word_1_342' title='bbox 1856 3321 2080 3362; x_wconf 88' lang='lat' dir='ltr'><strong>necesse</strong></span> <span class='ocrx_word' id='word_1_343' title='bbox 2114 3311 2228 3373; x_wconf 86' lang='lat' dir='ltr'><strong>est,</strong></span> <span class='ocrx_word' id='word_1_344' title='bbox 2271 3301 2481 3357; x_wconf 89' lang='lat' dir='ltr'><strong>fimtum</strong></span> 
     </span>
     <span class='ocr_line' id='line_1_43' title="bbox 477 3376 1489 3448; baseline 0.002 -17"><span class='ocrx_word' id='word_1_345' title='bbox 477 3376 662 3432; x_wconf 89' lang='lat' dir='ltr'><strong>orbem</strong></span> <span class='ocrx_word' id='word_1_346' title='bbox 698 3378 885 3447; x_wconf 87' lang='lat' dir='ltr'><strong>egredi</strong></span> <span class='ocrx_word' id='word_1_347' title='bbox 920 3385 977 3433; x_wconf 86' lang='lat' dir='ltr'><strong>et</strong></span> <span class='ocrx_word' id='word_1_348' title='bbox 1009 3378 1196 3448; x_wconf 90' lang='lat' dir='ltr'><strong>priora</strong></span> <span class='ocrx_word' id='word_1_349' title='bbox 1228 3377 1489 3433; x_wconf 84' lang='lat' dir='ltr'><strong>intexere.</strong></span> 
     </span>
    </p>
   </div>
  </div>
 </body>
</html>
