2734 4000
1132 235 1495 297 ...79-

317 400 428 453 tur.
509 393 707 453 Etiam
745 393 894 452 hanc
932 391 1330 466 quaestionem
1368 407 1523 467 pono
1559 397 1803 465 tantum,
1841 408 1956 453 non
1993 398 2318 467 pertracto:

319 478 411 530 est
438 472 591 529 enim
613 472 931 529 immensae
956 470 1260 541 materiae,
1284 485 1395 528 nec
1418 471 1750 529 necessaria
1774 471 2074 544 proposito
2101 477 2318 531 nostro.

317 548 557 607 Interim
596 547 748 606 duae
786 562 882 605 res
921 546 1017 605 hic
1042 547 1244 623 paucis
1271 546 1648 620 attingendae
1674 552 1823 619 sunt,
1866 563 2016 620 quae
2041 548 2134 606 vel
2160 549 2320 608 solae

319 625 706 699 suspicionem
771 625 1066 698 compagis
1134 623 1401 682 manibus
1460 623 1664 683 alienis
1721 622 1913 683 factae
1964 625 2025 683 in
2073 629 2321 697 utroque

321 702 592 771 Carmine
628 706 1041 761 commoveant.

472 778 733 837 Alterius
774 778 1006 853 generis
1048 783 1183 836 sunt
1223 777 1542 837 eminentes
1582 778 1660 837 ali
1698 783 1803 838 uot
1828 783 1890 837 et
1914 778 2143 838 hiantes
2171 795 2323 839 com-
2347 785 2424 827 1⁸⁰

318 856 533 915 missur
701 871 806 913 uas
921 870 952 913 r
992 855 1147 914 vices
1187 869 1288 912 sae
1337 852 1527 914 'ssime
1551 871 1619 913 re
1662 843 1842 915 etiff'e
1866 844 2130 915 Iectiom's
2154 872 2222 915 re

318 932 986 1016 rlggmhljissila-fflm,
1029 938 1089 991 et
1130 922 1364 991 easdem
1406 937 1468 991 et
1503 922 1711 991 11''s'dem
1749 921 1810 990 in
1846 933 2009 1006 locis,
2048 933 2218 1006 tales,
2257 939 2324 993 ut

322 1026 424 1069 eas
461 1025 576 1069 non
614 1025 744 1068 cum
783 1009 970 1083 primo
1010 1024 1189 1083 opere
1226 1006 1388 1067 fusas
1428 1008 1532 1067 sed
1570 1009 1989 1082 posterioribus
2015 1012 2170 1068 curis
2196 1011 2323 1069 illa-

321 1094 416 1146 tas
456 1102 606 1159 esse,
646 1086 747 1144 ubi
784 1102 900 1146 uno
936 1090 1041 1145 aut
1079 1087 1267 1145 altero
1309 1086 1573 1160 exemplo
1600 1086 2088 1160 demonstravero,
2127 1102 2323 1161 quem—

321 1165 410 1223 vis
450 1164 647 1223 statim
688 1178 1110 1236 concessurum,
1150 1179 1256 1222 seu
1279 1163 1476 1235 potius
1501 1164 1691 1238 ipsum
1714 1164 1887 1238 plane
1907 1180 2206 1223 sensurum
2233 1180 2325 1223 ar-

321 1241 525 1300 bitrer.
593 1241 724 1313 Qua
760 1240 820 1298 in
854 1256 922 1299 re
960 1240 1010 1298 si
1036 1256 1144 1314 per
1169 1245 1260 1300 tot
1284 1240 1520 1299 saecula
1544 1241 1723 1300 nemo
1738 1240 1977 1300 offendit
2004 1240 2324 1302 eruditissi-

322 1332 546 1378 morum
584 1318 864 1378 lectorum
877 1361 893 1389 ,
943 1332 1118 1389 quum
1164 1317 1450 1376 neminem
1497 1316 1773 1377 mediocri
1832 1319 2093 1377 sollertia
2139 1318 2199 1376 in
2252 1334 2324 1378 ea

328 1394 625 1454 offendere
673 1409 788 1454 non
838 1409 1012 1468 posse
1052 1400 1251 1468 putem
1266 1438 1281 1466 ,
1332 1393 1480 1453 haec
1527 1392 1777 1454 fortasse
1825 1411 1942 1455 una
1979 1410 2158 1454 causa
2195 1393 2325 1467 fuit,

328 1471 483 1544 quod
522 1477 809 1546 perpetua
862 1471 1045 1530 series
1087 1470 1440 1544 carminum,
1491 1476 1614 1530 tum
1652 1473 1977 1546 praeconiis
2015 1473 2325 1532 multorum

327 1549 674 1622 scriptorum
732 1553 855 1606 tum
914 1563 1021 1606 sua
1068 1549 1265 1622 specie
1312 1546 1519 1607 fallens
1532 1593 1548 1621 ,
1617 1549 1739 1613 eius
1786 1550 1874 1608 rei
1914 1550 2324 1622 cogitationem

327 1626 499 1698 longe
537 1624 858 1697 amovebat,
901 1630 962 1683 et
1002 1625 1137 1697 quia
1175 1640 1372 1684 omnes
1411 1641 1595 1699 prope
1633 1632 1844 1685 natura
1882 1627 1968 1685 sic
2003 1627 2324 1701 comparati

327 1718 553 1776 sumus,
606 1707 673 1761 ut
719 1700 1003 1761 dissoluta
1053 1702 1403 1776 coniungere
1450 1702 1724 1762 libentius
1763 1718 1933 1775 quam
1973 1704 2170 1763 iuncta
2208 1702 2324 1763 dis-

325 1779 551 1840 solvere
589 1777 944 1838 studeamus.

485 1856 615 1928 Quo
671 1861 933 1930 tempore
984 1856 1165 1929 igitur
1212 1856 1359 1915 haec
1396 1856 1644 1930 primum
1682 1872 1812 1916 cum
1853 1857 2052 1916 amicis
2093 1857 2326 1929 quibus·

331 1931 468 1991 dam
507 1932 1013 2008 communicabam,
1051 1932 1233 2008 probe
1270 1934 1520 2008 memini,
1561 1939 1835 2007 quantum
1873 1935 1959 1993 illi
1997 1931 2329 1993 diffiderent

328 2010 757 2085 suspicionibus
808 2011 953 2070 meis
966 2056 981 2085 ,
1029 2017 1233 2084 totque
1283 2013 1643 2091 saeculorum
1692 2013 2207 2087 praescriptionem
2267 2017 2328 2071 et

327 2088 622 2147 silentium
662 2094 1037 2161 opponerent.
1116 2087 1323 2147 Paullo
1361 2094 1498 2162 post
1534 2089 1596 2147 in
1634 2105 1748 2148 uno
1785 2090 2042 2149 locorum
2079 2089 2327 2162 illorum,

325 2166 390 2222 in
429 2180 542 2237 quo
582 2169 842 2223 suturam
881 2164 1238 2224 adventitiae
1276 2167 1421 2224 artis
1458 2166 1647 2226 latere
1684 2182 1783 2225 sus
1825 2166 2012 2226 icatus
2038 2182 2215 2239 eram,
2256 2181 2329 2225 cx

329 2242 630 2315 insperato
679 2241 1096 2314 qualiscunque
1149 2243 1465 2302 auctoritas
1513 2244 1728 2302 veteris
1768 2183 2144 2303 grammatici
2196 2259 2329 2303 con-

334 2319 614 2377 iecturae·
639 2333 806 2378 meae
844 2320 1145 2377 succurrit.
1226 2319 1339 2377 Est
1376 2320 1426 2378 is
1476 2320 1637 2379 locus
1671 2320 1740 2379 11.
1782 2338 1837 2378 σ.
1880 2327 2225 2390 356-368.,
2262 2325 2330 2378 ut

331 2394 627 2454 lenissime
666 2394 873 2468 dicam,
912 2393 1126 2469 frigide
1167 2401 1229 2455 ct
1265 2397 1465 2470 inepte
1502 2397 1701 2456 iacens
1740 2398 1894 2456 inter
1929 2414 2027 2456 res
2053 2397 2329 2456 Troiano-

326 2488 458 2530 rum
498 2471 966 2545 Graecorumque
1006 2479 1067 2532 et
1104 2474 1258 2532 inter
1294 2473 1563 2533 Thetidis
1583 2473 1894 2533 adventum
1918 2476 1977 2533 in
2004 2474 2327 2548 olympum.

327 2548 423 2627 De
462 2549 590 2607 istis
630 2549 892 2609 versibus
930 2548 992 2608 in
1030 2550 1486 2610 accuratioribus
1527 2550 1771 2610 Scholiis
1811 2552 1987 2627 longa
2010 2550 2330 2624 disputatio

330 2631 606 2699 excerpta
646 2630 738 2684 est
774 2626 1060 2687 Zenodori
1096 2626 1412 2701 cuiusdam,
1451 2627 1606 2686 unde
1629 2629 2001 2703 praecipuum
2043 2627 2196 2701 quod
2208 2627 2331 2697 ,ξρι-
2354 2637 2430 2679 1³1

303 2702 466 2776 jam,
511 2702 623 2763 hoc
662 2708 770 2776 est,
813 2719 911 2763 eos
938 2719 1137 2762 versus
1163 2719 1279 2763 non
1301 2721 1373 2763 ex
1398 2705 1623 2779 vulgari
1647 2705 2109 2779 interpolatione,
2158 2720 2268 2763 nec
2292 2719 2330 2762 a

333 2778 726 2839 Grammatico
765 2780 980 2853 aliquo,
1018 2780 1121 2839 sed
1149 2796 1186 2839 a
1210 2782 1413 2855 primis
1439 2778 1885 2848 διασκευασταῖς
1908 2781 2133 2841 duabus
2157 2781 2330 2855 rhap-

334 2854 515 2915 sodiis
554 2856 854 2916 nectendis
894 2856 1153 2917 adiectos
1196 2873 1325 2917 esse
1336 2857 1431 2927 ⁹7).
1496 2858 1692 2931 Atque
1731 2858 1990 2918 eiusdem
2028 2857 2183 2918 modi
2212 2874 2329 2917 em-

479 3052 553 3117 ⁹¹1)
590 3051 1057 3116 Διεσκευασμένον
1106 3055 1297 3106 τοῦτον
1346 3054 1442 3106 τὸν
1490 3052 1672 3106 τόπον.
1741 3052 1825 3106 De
1876 3051 1981 3107 hoc
2014 3053 2178 3107 verbo
2214 3051 2328 3105 δια-

332 3120 638 3184 σκευάζειν,
674 3119 821 3190 quod
853 3119 993 3174 male
1029 3122 1238 3189 accepit
1272 3120 1410 3175 Mer.
1448 3119 1674 3175 Casaub.
1708 3120 1776 3174 de
1810 3120 1968 3175 Hom.
2003 3119 2131 3177 edit.
2154 3120 2327 3175 Hack.

332 3187 779 3312 ῑίῑέἕέῑὲῑὶέξῗὲ
809 3187 1304 3324 &empsim
1321 3187 2333 3312 ffifflffluadjfflfsffl
2418 3289 2421 3290 ff

331 3272 370 3378 ζ,
402 3323 760 3396 Valckenario
780 3296 852 3380 ’in
882 3271 1024 3405 Drfss.
1059 3340 1183 3406 cum
1215 3274 1412 3381 tlh-{ino
1448 3325 1595 3380 edita
1637 3341 1688 3394 p.
1740 3326 1874 3405 337„
1926 3328 2072 3404 (nam
2105 3324 2328 3379 Barnes.

332 3390 615 3461 Excerpta
658 3391 812 3448 MSS.
856 3391 991 3447 mlnl
1026 3399 1163 3449 certi
1196 3393 1532 3463 attulerant)
1563 3408 1707 3449 nunc
1740 3408 1799 3447 m
1833 3392 2020 3448 ordine
2053 3392 2330 3462 vulgatum

333 3474 406 3513 ex
440 3459 574 3515 Ven.
610 3460 673 3515 B.
743 3460 852 3516 Sed
884 3459 975 3515 hic
1008 3460 1067 3515 in
1097 3461 1286 3531 primis
1320 3461 1690 3517 desideramus
1722 3460 2080 3530 antiquiorem
2113 3463 2181 3516 Δ.
