<?xml version="1.0" encoding="UTF-8"?>
<!DOCTYPE html PUBLIC "-//W3C//DTD XHTML 1.0 Transitional//EN"
    "http://www.w3.org/TR/xhtml1/DTD/xhtml1-transitional.dtd">
<html xmlns="http://www.w3.org/1999/xhtml" xml:lang="en" lang="en">
 <head>
  <title>
</title>
<meta http-equiv="Content-Type" content="text/html;charset=utf-8" />
  <meta name='ocr-system' content='tesseract 3.04.00' />
  <meta name='ocr-capabilities' content='ocr_page ocr_carea ocr_par ocr_line ocrx_word'/>
</head>
<body>
  <div class='ocr_page' id='page_1' title='image "./prolegomenaadho00bekkgoog_0113.png"; bbox 0 0 2734 4000; ppageno 0'>
   <div class='ocr_carea' id='block_1_1' title="bbox 328 251 2488 3232">
    <p class='ocr_par' dir='ltr' id='par_1_1' title="bbox 1149 251 1507 384">
     <span class='ocr_line' id='line_1_1' title="bbox 1149 251 1507 303; baseline 0 -17"><span class='ocrx_word' id='word_1_1' title='bbox 1149 274 1224 286; x_wconf 91' lang='lat'>....</span> <span class='ocrx_word' id='word_1_2' title='bbox 1290 251 1362 303; x_wconf 86' lang='lat'>35</span> <span class='ocrx_word' id='word_1_3' title='bbox 1434 276 1507 286; x_wconf 82' lang='lat'><em>-</em></span> 
     </span>
     <span class='ocr_line' id='line_1_2' title="bbox 1319 329 1393 384; baseline 0 -15"><span class='ocrx_word' id='word_1_4' title='bbox 1319 329 1393 384; x_wconf 58' lang='grc' dir='ltr'>τη</span> 
     </span>
    </p>

    <p class='ocr_par' dir='ltr' id='par_1_2' title="bbox 328 394 2418 2093">
     <span class='ocr_line' id='line_1_3' title="bbox 328 394 2340 470; baseline -0.001 -12"><span class='ocrx_word' id='word_1_5' title='bbox 328 399 549 458; x_wconf 83' lang='lat' dir='ltr'>frustra</span> <span class='ocrx_word' id='word_1_6' title='bbox 612 403 700 458; x_wconf 92' lang='lat' dir='ltr'>tot</span> <span class='ocrx_word' id='word_1_7' title='bbox 764 405 1032 457; x_wconf 81' lang='lat' dir='ltr'>auctores</span> <span class='ocrx_word' id='word_1_8' title='bbox 1084 398 1229 456; x_wconf 88' lang='lat' dir='ltr'>artis</span> <span class='ocrx_word' id='word_1_9' title='bbox 1279 396 1570 468; x_wconf 84' lang='lat' dir='ltr'>dilaudari</span> <span class='ocrx_word' id='word_1_10' title='bbox 1619 397 2000 470; x_wconf 86' lang='lat' dir='ltr'>suspicentur.</span> <span class='ocrx_word' id='word_1_11' title='bbox 2088 396 2176 454; x_wconf 90' lang='lat' dir='ltr'>Ac</span> <span class='ocrx_word' id='word_1_12' title='bbox 2229 394 2340 455; x_wconf 87' lang='lat' dir='ltr'>fuit</span> 
     </span>
     <span class='ocr_line' id='line_1_4' title="bbox 334 473 2341 548; baseline -0.002 -14"><span class='ocrx_word' id='word_1_13' title='bbox 334 476 588 548; x_wconf 92' lang='lat' dir='ltr'>quidem,</span> <span class='ocrx_word' id='word_1_14' title='bbox 645 491 818 546; x_wconf 93' lang='lat' dir='ltr'>quum</span> <span class='ocrx_word' id='word_1_15' title='bbox 858 491 971 547; x_wconf 84' lang='lat' dir='ltr'>ego</span> <span class='ocrx_word' id='word_1_16' title='bbox 1011 490 1240 546; x_wconf 89' lang='lat' dir='ltr'>quoque</span> <span class='ocrx_word' id='word_1_17' title='bbox 1277 474 1428 533; x_wconf 90' lang='lat' dir='ltr'>hanc</span> <span class='ocrx_word' id='word_1_18' title='bbox 1467 474 1750 533; x_wconf 90' lang='lat' dir='ltr'>rationem</span> <span class='ocrx_word' id='word_1_19' title='bbox 1792 488 2085 545; x_wconf 87' lang='lat' dir='ltr'>sequerer,</span> <span class='ocrx_word' id='word_1_20' title='bbox 2136 479 2196 531; x_wconf 94' lang='lat' dir='ltr'>et</span> <span class='ocrx_word' id='word_1_21' title='bbox 2235 473 2341 532; x_wconf 90' lang='lat' dir='ltr'>Or-</span> 
     </span>
     <span class='ocr_line' id='line_1_5' title="bbox 333 550 2340 627; baseline -0.002 -16"><span class='ocrx_word' id='word_1_22' title='bbox 333 553 475 627; x_wconf 90' lang='lat' dir='ltr'>phei</span> <span class='ocrx_word' id='word_1_23' title='bbox 526 552 883 625; x_wconf 82' lang='lat' dir='ltr'><strong>temporibus</strong></span> <span class='ocrx_word' id='word_1_24' title='bbox 935 552 1141 609; x_wconf 89' lang='lat' dir='ltr'>saltem</span> <span class='ocrx_word' id='word_1_25' title='bbox 1192 551 1392 610; x_wconf 92' lang='lat' dir='ltr'>titulos</span> <span class='ocrx_word' id='word_1_26' title='bbox 1448 556 1508 608; x_wconf 91' lang='lat' dir='ltr'>et</span> <span class='ocrx_word' id='word_1_27' title='bbox 1548 551 1966 623; x_wconf 84' lang='lat' dir='ltr'>epigrammata</span> <span class='ocrx_word' id='word_1_28' title='bbox 2004 550 2340 609; x_wconf 89' lang='lat' dir='ltr'>abiudicare</span> 
     </span>
     <span class='ocr_line' id='line_1_6' title="bbox 333 628 2341 700; baseline -0.001 -12"><span class='ocrx_word' id='word_1_29' title='bbox 333 646 449 689; x_wconf 91' lang='lat' dir='ltr'>non</span> <span class='ocrx_word' id='word_1_30' title='bbox 502 628 795 687; x_wconf 82' lang='lat' dir='ltr'>auderem.</span> <span class='ocrx_word' id='word_1_31' title='bbox 877 628 1279 688; x_wconf 87' lang='lat' dir='ltr'>Sollicitabant</span> <span class='ocrx_word' id='word_1_32' title='bbox 1325 644 1419 686; x_wconf 91' lang='lat' dir='ltr'>me</span> <span class='ocrx_word' id='word_1_33' title='bbox 1458 633 1696 700; x_wconf 89' lang='lat' dir='ltr'>praeter</span> <span class='ocrx_word' id='word_1_34' title='bbox 1736 628 1881 685; x_wconf 88' lang='lat' dir='ltr'>alias</span> <span class='ocrx_word' id='word_1_35' title='bbox 1922 643 2126 685; x_wconf 80' lang='lat' dir='ltr'><strong>causas</strong></span> <span class='ocrx_word' id='word_1_36' title='bbox 2167 642 2341 699; x_wconf 88' lang='lat' dir='ltr'>quae-</span> 
     </span>
     <span class='ocr_line' id='line_1_7' title="bbox 335 704 2418 777; baseline -0.001 -13"><span class='ocrx_word' id='word_1_37' title='bbox 335 706 468 764; x_wconf 91' lang='lat' dir='ltr'>dam</span> <span class='ocrx_word' id='word_1_38' title='bbox 522 707 849 763; x_wconf 90' lang='lat' dir='ltr'>litterarum</span> <span class='ocrx_word' id='word_1_39' title='bbox 898 710 1291 777; x_wconf 88' lang='lat' dir='ltr'>monumenta,</span> <span class='ocrx_word' id='word_1_40' title='bbox 1356 719 1507 775; x_wconf 89' lang='lat' dir='ltr'>quae</span> <span class='ocrx_word' id='word_1_41' title='bbox 1558 705 1889 776; x_wconf 81' lang='lat' dir='ltr'>antiquiora</span> <span class='ocrx_word' id='word_1_42' title='bbox 1925 704 2192 764; x_wconf 82' lang='lat' dir='ltr'>Homero</span> <span class='ocrx_word' id='word_1_43' title='bbox 2249 704 2341 762; x_wconf 86' lang='lat' dir='ltr'>vel</span> <span class='ocrx_word' id='word_1_44' title='bbox 2366 717 2418 755; x_wconf 72' lang='lat'>58</span> 
     </span>
     <span class='ocr_line' id='line_1_8' title="bbox 337 780 2342 854; baseline -0.001 -13"><span class='ocrx_word' id='word_1_45' title='bbox 337 784 472 841; x_wconf 91' lang='lat' dir='ltr'>olim</span> <span class='ocrx_word' id='word_1_46' title='bbox 518 782 847 841; x_wconf 82' lang='lat' dir='ltr'>constitisse</span> <span class='ocrx_word' id='word_1_47' title='bbox 887 782 1175 854; x_wconf 88' lang='lat' dir='ltr'>dicuntur,</span> <span class='ocrx_word' id='word_1_48' title='bbox 1226 782 1319 839; x_wconf 90' lang='lat' dir='ltr'>vel</span> <span class='ocrx_word' id='word_1_49' title='bbox 1356 780 1530 840; x_wconf 89' lang='lat' dir='ltr'>hodie</span> <span class='ocrx_word' id='word_1_50' title='bbox 1571 781 1645 839; x_wconf 91' lang='lat' dir='ltr'>ab</span> <span class='ocrx_word' id='word_1_51' title='bbox 1688 781 1931 839; x_wconf 90' lang='lat' dir='ltr'>eruditis</span> <span class='ocrx_word' id='word_1_52' title='bbox 1972 781 2181 854; x_wconf 90' lang='lat' dir='ltr'>cupide</span> <span class='ocrx_word' id='word_1_53' title='bbox 2209 796 2342 854; x_wconf 91' lang='lat' dir='ltr'>per-</span> 
     </span>
     <span class='ocr_line' id='line_1_9' title="bbox 336 857 2345 931; baseline -0 -14"><span class='ocrx_word' id='word_1_54' title='bbox 336 859 609 917; x_wconf 85' lang='lat' dir='ltr'>hibentur</span> <span class='ocrx_word' id='word_1_55' title='bbox 619 857 711 930; x_wconf 71' lang='grc'>21).</span> <span class='ocrx_word' id='word_1_56' title='bbox 792 859 1006 917; x_wconf 90' lang='lat' dir='ltr'>Verum</span> <span class='ocrx_word' id='word_1_57' title='bbox 1067 857 1140 916; x_wconf 92' lang='lat' dir='ltr'>ab</span> <span class='ocrx_word' id='word_1_58' title='bbox 1197 874 1268 917; x_wconf 89' lang='lat' dir='ltr'>ea</span> <span class='ocrx_word' id='word_1_59' title='bbox 1320 858 1417 916; x_wconf 92' lang='lat' dir='ltr'>via</span> <span class='ocrx_word' id='word_1_60' title='bbox 1455 858 1627 931; x_wconf 92' lang='lat' dir='ltr'>plane</span> <span class='ocrx_word' id='word_1_61' title='bbox 1665 874 1758 915; x_wconf 92' lang='lat' dir='ltr'>me</span> <span class='ocrx_word' id='word_1_62' title='bbox 1799 863 2137 916; x_wconf 89' lang='lat' dir='ltr'>averterunt</span> <span class='ocrx_word' id='word_1_63' title='bbox 2175 859 2345 931; x_wconf 86' lang='lat' dir='ltr'>plura</span> 
     </span>
     <span class='ocr_line' id='line_1_10' title="bbox 337 934 2345 1008; baseline -0.001 -14"><span class='ocrx_word' id='word_1_64' title='bbox 337 936 592 1007; x_wconf 87' lang='lat' dir='ltr'>vestigia</span> <span class='ocrx_word' id='word_1_65' title='bbox 616 936 912 1008; x_wconf 89' lang='lat' dir='ltr'>historica,</span> <span class='ocrx_word' id='word_1_66' title='bbox 956 951 1270 1007; x_wconf 90' lang='lat' dir='ltr'>earumque</span> <span class='ocrx_word' id='word_1_67' title='bbox 1297 951 1510 1006; x_wconf 89' lang='lat' dir='ltr'>rerum,</span> <span class='ocrx_word' id='word_1_68' title='bbox 1552 934 1759 1006; x_wconf 92' lang='lat' dir='ltr'>quibus</span> <span class='ocrx_word' id='word_1_69' title='bbox 1785 935 1953 992; x_wconf 91' lang='lat' dir='ltr'>istius</span> <span class='ocrx_word' id='word_1_70' title='bbox 1982 936 2198 994; x_wconf 89' lang='lat' dir='ltr'>aetatis</span> <span class='ocrx_word' id='word_1_71' title='bbox 2226 936 2345 993; x_wconf 91' lang='lat' dir='ltr'>cul-</span> 
     </span>
     <span class='ocr_line' id='line_1_11' title="bbox 337 1012 2346 1085; baseline -0.001 -14"><span class='ocrx_word' id='word_1_72' title='bbox 337 1020 431 1071; x_wconf 92' lang='lat' dir='ltr'>tus</span> <span class='ocrx_word' id='word_1_73' title='bbox 475 1013 896 1084; x_wconf 82' lang='lat' dir='ltr'>continebatur,</span> <span class='ocrx_word' id='word_1_74' title='bbox 938 1018 999 1070; x_wconf 90' lang='lat' dir='ltr'>et</span> <span class='ocrx_word' id='word_1_75' title='bbox 1038 1013 1293 1085; x_wconf 90' lang='lat' dir='ltr'>ipsorum</span> <span class='ocrx_word' id='word_1_76' title='bbox 1332 1012 1567 1071; x_wconf 88' lang='lat' dir='ltr'>illorum</span> <span class='ocrx_word' id='word_1_77' title='bbox 1594 1017 2088 1071; x_wconf 87' lang='lat' dir='ltr'>monumentorum</span> <span class='ocrx_word' id='word_1_78' title='bbox 2116 1012 2346 1071; x_wconf 89' lang='lat' dir='ltr'>curiosa</span> 
     </span>
     <span class='ocr_line' id='line_1_12' title="bbox 340 1089 2344 1160; baseline -0.001 -13"><span class='ocrx_word' id='word_1_79' title='bbox 340 1095 402 1147; x_wconf 92' lang='lat' dir='ltr'>et</span> <span class='ocrx_word' id='word_1_80' title='bbox 451 1089 684 1147; x_wconf 84' lang='lat' dir='ltr'>subtilis</span> <span class='ocrx_word' id='word_1_81' title='bbox 740 1089 1105 1148; x_wconf 83' lang='lat' dir='ltr'>existimatio.</span> <span class='ocrx_word' id='word_1_82' title='bbox 1186 1089 1392 1160; x_wconf 90' lang='lat' dir='ltr'>Itaque</span> <span class='ocrx_word' id='word_1_83' title='bbox 1443 1104 1649 1145; x_wconf 90' lang='lat' dir='ltr'>maneo</span> <span class='ocrx_word' id='word_1_84' title='bbox 1700 1089 1760 1145; x_wconf 92' lang='lat' dir='ltr'>in</span> <span class='ocrx_word' id='word_1_85' title='bbox 1802 1104 1872 1146; x_wconf 90' lang='lat' dir='ltr'>ea</span> <span class='ocrx_word' id='word_1_86' title='bbox 1911 1089 2218 1160; x_wconf 90' lang='lat' dir='ltr'>sententia,</span> <span class='ocrx_word' id='word_1_87' title='bbox 2262 1093 2344 1160; x_wconf 88' lang='lat' dir='ltr'>ut,</span> 
     </span>
     <span class='ocr_line' id='line_1_13' title="bbox 342 1164 2346 1239; baseline -0.001 -15"><span class='ocrx_word' id='word_1_88' title='bbox 342 1167 572 1224; x_wconf 91' lang='lat' dir='ltr'>etiamsi</span> <span class='ocrx_word' id='word_1_89' title='bbox 591 1166 705 1224; x_wconf 90' lang='lat' dir='ltr'>ista</span> <span class='ocrx_word' id='word_1_90' title='bbox 727 1166 918 1224; x_wconf 91' lang='lat' dir='ltr'>omnia</span> <span class='ocrx_word' id='word_1_91' title='bbox 944 1171 1205 1238; x_wconf 87' lang='lat' dir='ltr'>tempore</span> <span class='ocrx_word' id='word_1_92' title='bbox 1231 1165 1589 1239; x_wconf 86' lang='lat' dir='ltr'>praecedant</span> <span class='ocrx_word' id='word_1_93' title='bbox 1614 1164 1946 1238; x_wconf 85' lang='lat' dir='ltr'>Homerum,</span> <span class='ocrx_word' id='word_1_94' title='bbox 1987 1165 2162 1237; x_wconf 85' lang='lat' dir='ltr'>(m&#39;alo</span> <span class='ocrx_word' id='word_1_95' title='bbox 2193 1165 2346 1223; x_wconf 90' lang='lat' dir='ltr'>enim</span> 
     </span>
     <span class='ocr_line' id='line_1_14' title="bbox 342 1239 2346 1315; baseline 0 -15"><span class='ocrx_word' id='word_1_96' title='bbox 342 1242 485 1300; x_wconf 92' lang='lat' dir='ltr'>illud</span> <span class='ocrx_word' id='word_1_97' title='bbox 538 1259 686 1300; x_wconf 89' lang='lat' dir='ltr'>nunc</span> <span class='ocrx_word' id='word_1_98' title='bbox 735 1244 795 1299; x_wconf 90' lang='lat' dir='ltr'>in</span> <span class='ocrx_word' id='word_1_99' title='bbox 833 1242 1025 1301; x_wconf 90' lang='lat' dir='ltr'>medio</span> <span class='ocrx_word' id='word_1_100' title='bbox 1063 1243 1421 1315; x_wconf 87' lang='lat' dir='ltr'>relinquere,</span> <span class='ocrx_word' id='word_1_101' title='bbox 1474 1257 1646 1313; x_wconf 90' lang='lat' dir='ltr'>quam</span> <span class='ocrx_word' id='word_1_102' title='bbox 1694 1239 2007 1300; x_wconf 89' lang='lat' dir='ltr'>deflectere</span> <span class='ocrx_word' id='word_1_103' title='bbox 2060 1241 2134 1300; x_wconf 90' lang='lat' dir='ltr'>de</span> <span class='ocrx_word' id='word_1_104' title='bbox 2173 1257 2346 1300; x_wconf 89' lang='lat' dir='ltr'>cursu</span> 
     </span>
     <span class='ocr_line' id='line_1_15' title="bbox 340 1319 2342 1392; baseline -0.002 -15"><span class='ocrx_word' id='word_1_105' title='bbox 340 1323 514 1392; x_wconf 90' lang='lat' dir='ltr'>meo,)</span> <span class='ocrx_word' id='word_1_106' title='bbox 557 1325 750 1377; x_wconf 90' lang='lat' dir='ltr'>tamen</span> <span class='ocrx_word' id='word_1_107' title='bbox 789 1319 926 1377; x_wconf 92' lang='lat' dir='ltr'>inde</span> <span class='ocrx_word' id='word_1_108' title='bbox 963 1319 1106 1376; x_wconf 90' lang='lat' dir='ltr'>nihil</span> <span class='ocrx_word' id='word_1_109' title='bbox 1147 1324 1412 1377; x_wconf 87' lang='lat' dir='ltr'>constare</span> <span class='ocrx_word' id='word_1_110' title='bbox 1454 1319 1527 1377; x_wconf 91' lang='lat' dir='ltr'>de</span> <span class='ocrx_word' id='word_1_111' title='bbox 1556 1320 1794 1391; x_wconf 82' lang='lat' dir='ltr'>vulgato</span> <span class='ocrx_word' id='word_1_112' title='bbox 1819 1335 1930 1377; x_wconf 91' lang='lat' dir='ltr'>usu</span> <span class='ocrx_word' id='word_1_113' title='bbox 1956 1320 2100 1377; x_wconf 91' lang='lat' dir='ltr'>artis</span> <span class='ocrx_word' id='word_1_114' title='bbox 2128 1324 2342 1392; x_wconf 88' lang='lat' dir='ltr'>putem.</span> 
     </span>
     <span class='ocr_line' id='line_1_16' title="bbox 341 1395 2345 1469; baseline -0.001 -14"><span class='ocrx_word' id='word_1_115' title='bbox 341 1397 492 1455; x_wconf 91' lang='lat' dir='ltr'>Nam</span> <span class='ocrx_word' id='word_1_116' title='bbox 535 1402 811 1469; x_wconf 89' lang='lat' dir='ltr'>superato</span> <span class='ocrx_word' id='word_1_117' title='bbox 851 1412 1096 1469; x_wconf 91' lang='lat' dir='ltr'>operoso</span> <span class='ocrx_word' id='word_1_118' title='bbox 1136 1396 1362 1467; x_wconf 90' lang='lat' dir='ltr'>labore,</span> <span class='ocrx_word' id='word_1_119' title='bbox 1429 1403 1494 1453; x_wconf 95' lang='lat' dir='ltr'>ut</span> <span class='ocrx_word' id='word_1_120' title='bbox 1541 1395 1887 1468; x_wconf 86' lang='lat' dir='ltr'>peregrinae</span> <span class='ocrx_word' id='word_1_121' title='bbox 1926 1401 2099 1454; x_wconf 90' lang='lat' dir='ltr'>notae</span> <span class='ocrx_word' id='word_1_122' title='bbox 2138 1396 2345 1468; x_wconf 87' lang='lat' dir='ltr'>patriis</span> 
     </span>
     <span class='ocr_line' id='line_1_17' title="bbox 345 1472 2346 1546; baseline 0 -16"><span class='ocrx_word' id='word_1_123' title='bbox 345 1473 501 1531; x_wconf 89' lang='lat' dir='ltr'>sonis</span> <span class='ocrx_word' id='word_1_124' title='bbox 544 1478 901 1546; x_wconf 88' lang='lat' dir='ltr'>aptarentur,</span> <span class='ocrx_word' id='word_1_125' title='bbox 941 1489 1240 1545; x_wconf 86' lang='lat' dir='ltr'>novaeque</span> <span class='ocrx_word' id='word_1_126' title='bbox 1281 1472 1670 1531; x_wconf 88' lang='lat' dir='ltr'>subderentur</span> <span class='ocrx_word' id='word_1_127' title='bbox 1708 1472 1999 1531; x_wconf 88' lang='lat' dir='ltr'>vocalibus</span> <span class='ocrx_word' id='word_1_128' title='bbox 2043 1477 2103 1529; x_wconf 88' lang='lat' dir='ltr'>et</span> <span class='ocrx_word' id='word_1_129' title='bbox 2141 1473 2212 1530; x_wconf 92' lang='lat' dir='ltr'>iis</span> <span class='ocrx_word' id='word_1_130' title='bbox 2253 1472 2346 1531; x_wconf 88' lang='lat' dir='ltr'>lit-</span> 
     </span>
     <span class='ocr_line' id='line_1_18' title="bbox 343 1549 2346 1623; baseline 0 -16"><span class='ocrx_word' id='word_1_131' title='bbox 343 1550 512 1621; x_wconf 80' lang='lat' dir='ltr'>teriS,</span> <span class='ocrx_word' id='word_1_132' title='bbox 567 1550 772 1620; x_wconf 93' lang='lat' dir='ltr'>quibus</span> <span class='ocrx_word' id='word_1_133' title='bbox 821 1549 1170 1608; x_wconf 86' lang='lat' dir='ltr'>Phoenicum</span> <span class='ocrx_word' id='word_1_134' title='bbox 1221 1551 1512 1623; x_wconf 90' lang='lat' dir='ltr'>scriptura</span> <span class='ocrx_word' id='word_1_135' title='bbox 1567 1550 1875 1607; x_wconf 86' lang='lat' dir='ltr'>caruisset:</span> <span class='ocrx_word' id='word_1_136' title='bbox 1941 1565 2054 1620; x_wconf 91' lang='lat' dir='ltr'>quo</span> <span class='ocrx_word' id='word_1_137' title='bbox 2110 1549 2346 1620; x_wconf 86' lang='lat' dir='ltr'>negotio</span> 
     </span>
     <span class='ocr_line' id='line_1_19' title="bbox 340 1623 2346 1699; baseline 0 -16"><span class='ocrx_word' id='word_1_138' title='bbox 340 1623 600 1699; x_wconf 84' lang='lat' dir='ltr'>perfecto</span> <span class='ocrx_word' id='word_1_139' title='bbox 671 1626 898 1695; x_wconf 72' lang='lat' dir='ltr'>domum</span> <span class='ocrx_word' id='word_1_140' title='bbox 967 1643 1062 1684; x_wconf 89' lang='lat' dir='ltr'>res</span> <span class='ocrx_word' id='word_1_141' title='bbox 1140 1626 1215 1685; x_wconf 91' lang='lat' dir='ltr'>ad</span> <span class='ocrx_word' id='word_1_142' title='bbox 1290 1627 1695 1699; x_wconf 88' lang='lat' dir='ltr'>inscriptiones</span> <span class='ocrx_word' id='word_1_143' title='bbox 1769 1625 2029 1698; x_wconf 90' lang='lat' dir='ltr'>lapidum</span> <span class='ocrx_word' id='word_1_144' title='bbox 2070 1625 2346 1684; x_wconf 88' lang='lat' dir='ltr'>similisve</span> 
     </span>
     <span class='ocr_line' id='line_1_20' title="bbox 343 1702 2349 1775; baseline 0 -15"><span class='ocrx_word' id='word_1_145' title='bbox 343 1703 624 1761; x_wconf 89' lang='lat' dir='ltr'>materiae</span> <span class='ocrx_word' id='word_1_146' title='bbox 686 1703 913 1761; x_wconf 86' lang='lat' dir='ltr'>traduci</span> <span class='ocrx_word' id='word_1_147' title='bbox 973 1704 1190 1775; x_wconf 91' lang='lat' dir='ltr'>potuit:</span> <span class='ocrx_word' id='word_1_148' title='bbox 1258 1709 1655 1761; x_wconf 85' lang='lat' dir='ltr'>verumtamen</span> <span class='ocrx_word' id='word_1_149' title='bbox 1691 1708 1758 1760; x_wconf 87' lang='lat' dir='ltr'>ut</span> <span class='ocrx_word' id='word_1_150' title='bbox 1795 1703 1896 1761; x_wconf 92' lang='lat' dir='ltr'>illa</span> <span class='ocrx_word' id='word_1_151' title='bbox 1933 1702 2349 1761; x_wconf 89' lang='lat' dir='ltr'>meditamenta</span> 
     </span>
     <span class='ocr_line' id='line_1_21' title="bbox 344 1778 2351 1853; baseline 0 -17"><span class='ocrx_word' id='word_1_152' title='bbox 344 1781 461 1837; x_wconf 90' lang='lat' dir='ltr'>iam</span> <span class='ocrx_word' id='word_1_153' title='bbox 493 1780 684 1837; x_wconf 90' lang='lat' dir='ltr'>Iliacis</span> <span class='ocrx_word' id='word_1_154' title='bbox 715 1780 1071 1853; x_wconf 88' lang='lat' dir='ltr'>temporibus</span> <span class='ocrx_word' id='word_1_155' title='bbox 1116 1781 1258 1839; x_wconf 88' lang='lat' dir='ltr'>satis</span> <span class='ocrx_word' id='word_1_156' title='bbox 1293 1778 1555 1852; x_wconf 86' lang='lat' dir='ltr'>perfecta</span> <span class='ocrx_word' id='word_1_157' title='bbox 1574 1778 1809 1851; x_wconf 89' lang='lat' dir='ltr'>fuerint,</span> <span class='ocrx_word' id='word_1_158' title='bbox 1862 1780 2094 1851; x_wconf 83' lang='lat' dir='ltr'>longum</span> <span class='ocrx_word' id='word_1_159' title='bbox 2123 1779 2258 1836; x_wconf 89' lang='lat' dir='ltr'>hinc</span> <span class='ocrx_word' id='word_1_160' title='bbox 2289 1784 2351 1836; x_wconf 87' lang='lat' dir='ltr'>et</span> 
     </span>
     <span class='ocr_line' id='line_1_22' title="bbox 342 1855 2349 1930; baseline 0 -17"><span class='ocrx_word' id='word_1_161' title='bbox 342 1857 539 1914; x_wconf 90' lang='lat' dir='ltr'>multis</span> <span class='ocrx_word' id='word_1_162' title='bbox 573 1856 759 1915; x_wconf 91' lang='lat' dir='ltr'>modis</span> <span class='ocrx_word' id='word_1_163' title='bbox 796 1856 1135 1929; x_wconf 90' lang='lat' dir='ltr'>impeditum</span> <span class='ocrx_word' id='word_1_164' title='bbox 1161 1858 1275 1915; x_wconf 91' lang='lat' dir='ltr'>iter</span> <span class='ocrx_word' id='word_1_165' title='bbox 1292 1857 1573 1930; x_wconf 89' lang='lat' dir='ltr'>restabat,</span> <span class='ocrx_word' id='word_1_166' title='bbox 1616 1856 1799 1916; x_wconf 89' lang='lat' dir='ltr'>donec</span> <span class='ocrx_word' id='word_1_167' title='bbox 1838 1862 2024 1914; x_wconf 88' lang='lat' dir='ltr'>artem</span> <span class='ocrx_word' id='word_1_168' title='bbox 2060 1855 2349 1914; x_wconf 90' lang='lat' dir='ltr'>habilibus</span> 
     </span>
     <span class='ocr_line' id='line_1_23' title="bbox 344 1932 2351 2008; baseline 0.001 -19"><span class='ocrx_word' id='word_1_169' title='bbox 344 1933 742 1991; x_wconf 88' lang='lat' dir='ltr'>instrumentis</span> <span class='ocrx_word' id='word_1_170' title='bbox 787 1940 981 2008; x_wconf 88' lang='lat' dir='ltr'>aptam</span> <span class='ocrx_word' id='word_1_171' title='bbox 1023 1934 1234 1992; x_wconf 89' lang='lat' dir='ltr'>cultior</span> <span class='ocrx_word' id='word_1_172' title='bbox 1275 1933 1827 2007; x_wconf 89' lang='lat' dir='ltr'>doctrinis·populus</span> <span class='ocrx_word' id='word_1_173' title='bbox 1856 1933 1931 1991; x_wconf 91' lang='lat' dir='ltr'>ad</span> <span class='ocrx_word' id='word_1_174' title='bbox 1958 1932 2222 1991; x_wconf 91' lang='lat' dir='ltr'>brevium</span> <span class='ocrx_word' id='word_1_175' title='bbox 2248 1949 2351 2006; x_wconf 89' lang='lat' dir='ltr'>pa-</span> 
     </span>
     <span class='ocr_line' id='line_1_24' title="bbox 349 2010 2414 2093; baseline -0.001 -25"><span class='ocrx_word' id='word_1_176' title='bbox 349 2011 635 2083; x_wconf 87' lang='lat' dir='ltr'>ginarum,</span> <span class='ocrx_word' id='word_1_177' title='bbox 676 2016 798 2068; x_wconf 89' lang='lat' dir='ltr'>tum</span> <span class='ocrx_word' id='word_1_178' title='bbox 839 2011 914 2068; x_wconf 85' lang='lat' dir='ltr'>ad</span> <span class='ocrx_word' id='word_1_179' title='bbox 954 2012 1166 2068; x_wconf 90' lang='lat' dir='ltr'>iustam</span> <span class='ocrx_word' id='word_1_180' title='bbox 1205 2011 1482 2070; x_wconf 90' lang='lat' dir='ltr'>librorum</span> <span class='ocrx_word' id='word_1_181' title='bbox 1523 2011 1895 2084; x_wconf 89' lang='lat' dir='ltr'>scriptionem</span> <span class='ocrx_word' id='word_1_182' title='bbox 1938 2010 2259 2068; x_wconf 90' lang='lat' dir='ltr'>adhiberet.</span> <span class='ocrx_word' id='word_1_183' title='bbox 2403 2076 2414 2093; x_wconf 68' lang='lat'>.</span> 
     </span>
    </p>

    <p class='ocr_par' dir='ltr' id='par_1_3' title="bbox 346 2087 2488 3232">
     <span class='ocr_line' id='line_1_25' title="bbox 508 2087 2410 2160; baseline 0 -16"><span class='ocrx_word' id='word_1_184' title='bbox 508 2087 715 2145; x_wconf 90' lang='lat' dir='ltr'>Tribus</span> <span class='ocrx_word' id='word_1_185' title='bbox 767 2088 957 2146; x_wconf 89' lang='lat' dir='ltr'>verbis</span> <span class='ocrx_word' id='word_1_186' title='bbox 1009 2087 1285 2156; x_wconf 89' lang='lat' dir='ltr'>indicavi,</span> <span class='ocrx_word' id='word_1_187' title='bbox 1339 2103 1518 2160; x_wconf 90' lang='lat' dir='ltr'>quae,</span> <span class='ocrx_word' id='word_1_188' title='bbox 1570 2093 1637 2144; x_wconf 91' lang='lat' dir='ltr'>ut</span> <span class='ocrx_word' id='word_1_189' title='bbox 1692 2092 1815 2144; x_wconf 89' lang='lat' dir='ltr'>tum</span> <span class='ocrx_word' id='word_1_190' title='bbox 1867 2094 2127 2159; x_wconf 89' lang='lat' dir='ltr'>tempora</span> <span class='ocrx_word' id='word_1_191' title='bbox 2167 2092 2350 2159; x_wconf 88' lang='lat' dir='ltr'>erant,</span> <span class='ocrx_word' id='word_1_192' title='bbox 2405 2126 2410 2157; x_wconf 85' lang='lat'>:</span> 
     </span>
     <span class='ocr_line' id='line_1_26' title="bbox 346 2162 2350 2237; baseline 0 -17"><span class='ocrx_word' id='word_1_193' title='bbox 346 2162 590 2222; x_wconf 88' lang='lat' dir='ltr'>forsitan</span> <span class='ocrx_word' id='word_1_194' title='bbox 632 2181 734 2221; x_wconf 89' lang='lat' dir='ltr'>sex</span> <span class='ocrx_word' id='word_1_195' title='bbox 773 2165 1018 2222; x_wconf 88' lang='lat' dir='ltr'>saeculis</span> <span class='ocrx_word' id='word_1_196' title='bbox 1059 2181 1172 2224; x_wconf 92' lang='lat' dir='ltr'>non</span> <span class='ocrx_word' id='word_1_197' title='bbox 1211 2166 1508 2237; x_wconf 89' lang='lat' dir='ltr'>potuerint</span> <span class='ocrx_word' id='word_1_198' title='bbox 1547 2163 1621 2221; x_wconf 91' lang='lat' dir='ltr'>ad</span> <span class='ocrx_word' id='word_1_199' title='bbox 1664 2163 1927 2222; x_wconf 89' lang='lat' dir='ltr'>effectum</span> <span class='ocrx_word' id='word_1_200' title='bbox 1967 2163 2179 2221; x_wconf 89' lang='lat' dir='ltr'>venire.</span> <span class='ocrx_word' id='word_1_201' title='bbox 2233 2163 2350 2220; x_wconf 92' lang='lat' dir='ltr'>Diu</span> 
     </span>
     <span class='ocr_line' id='line_1_27' title="bbox 349 2239 2425 2313; baseline -0 -16"><span class='ocrx_word' id='word_1_202' title='bbox 349 2241 502 2297; x_wconf 91' lang='lat' dir='ltr'>enim</span> <span class='ocrx_word' id='word_1_203' title='bbox 552 2241 780 2299; x_wconf 90' lang='lat' dir='ltr'>illorum</span> <span class='ocrx_word' id='word_1_204' title='bbox 824 2242 1115 2300; x_wconf 89' lang='lat' dir='ltr'>hominum</span> <span class='ocrx_word' id='word_1_205' title='bbox 1166 2243 1287 2300; x_wconf 89' lang='lat' dir='ltr'>vita</span> <span class='ocrx_word' id='word_1_206' title='bbox 1340 2248 1400 2300; x_wconf 91' lang='lat' dir='ltr'>et</span> <span class='ocrx_word' id='word_1_207' title='bbox 1458 2241 1797 2313; x_wconf 86' lang='lat' dir='ltr'>simplicitas</span> <span class='ocrx_word' id='word_1_208' title='bbox 1846 2241 1991 2298; x_wconf 91' lang='lat' dir='ltr'>nihil</span> <span class='ocrx_word' id='word_1_209' title='bbox 2041 2239 2348 2298; x_wconf 91' lang='lat' dir='ltr'>admodum</span> <span class='ocrx_word' id='word_1_210' title='bbox 2375 2254 2425 2296; x_wconf 76' lang='lat'>59</span> 
     </span>
     <span class='ocr_line' id='line_1_28' title="bbox 349 2316 2348 2391; baseline 0.008 -18"><span class='ocrx_word' id='word_1_211' title='bbox 349 2316 584 2390; x_wconf 86' lang='lat' dir='ltr'>habuit,</span> <span class='ocrx_word' id='word_1_212' title='bbox 635 2317 787 2389; x_wconf 91' lang='lat' dir='ltr'>quod</span> <span class='ocrx_word' id='word_1_213' title='bbox 829 2318 1118 2391; x_wconf 90' lang='lat' dir='ltr'>scriptura</span> <span class='ocrx_word' id='word_1_214' title='bbox 1156 2317 1391 2391; x_wconf 84' lang='lat' dir='ltr'>dignum</span> <span class='ocrx_word' id='word_1_215' title='bbox 1431 2318 1761 2375; x_wconf 88' lang='lat' dir='ltr'>videretur:</span> <span class='ocrx_word' id='word_1_216' title='bbox 1815 2316 2348 2389; x_wconf 54' lang='lat' dir='ltr'>quppgbus</span> 
     </span>
     <span class='ocr_line' id='line_1_29' title="bbox 350 2392 2352 2471; baseline -0.003 0"><span class='ocrx_word' id='word_1_217' title='bbox 350 2395 621 2471; x_wconf 59' lang='lat' dir='ltr'>ocaurati</span> <span class='ocrx_word' id='word_1_218' title='bbox 630 2395 1738 2470; x_wconf 56' lang='lat' dir='ltr'>„.ag‚¹1,12t„„-‚i.lli2„9.1.1„ass.,1³.9§..t.9r„i...s.‹}ti.b1111t‚</span> <span class='ocrx_word' id='word_1_219' title='bbox 1778 2394 1888 2467; x_wconf 79' lang='lat' dir='ltr'>vel,</span> <span class='ocrx_word' id='word_1_220' title='bbox 1930 2398 1994 2451; x_wconf 83' lang='lat' dir='ltr'>ut</span> <span class='ocrx_word' id='word_1_221' title='bbox 2021 2392 2093 2451; x_wconf 83' lang='lat' dir='ltr'>de</span> <span class='ocrx_word' id='word_1_222' title='bbox 2121 2393 2352 2464; x_wconf 79' lang='lat' dir='ltr'>quibus-</span> 
     </span>
     <span class='ocr_line' id='line_1_30' title="bbox 352 2462 2352 2544; baseline 0 -18"><span class='ocrx_word' id='word_1_223' title='bbox 352 2470 487 2528; x_wconf 88' lang='lat' dir='ltr'>dam</span> <span class='ocrx_word' id='word_1_224' title='bbox 513 2462 743 2543; x_wconf 69' lang='lat' dir='ltr'>populis</span> <span class='ocrx_word' id='word_1_225' title='bbox 774 2473 1117 2544; x_wconf 78' lang='lat' dir='ltr'>accepimuS,</span> <span class='ocrx_word' id='word_1_226' title='bbox 1151 2473 1325 2529; x_wconf 90' lang='lat' dir='ltr'>etiam</span> <span class='ocrx_word' id='word_1_227' title='bbox 1352 2477 1729 2530; x_wconf 90' lang='lat' dir='ltr'>monstratam</span> <span class='ocrx_word' id='word_1_228' title='bbox 1757 2487 1992 2542; x_wconf 88' lang='lat' dir='ltr'>operam</span> <span class='ocrx_word' id='word_1_229' title='bbox 2018 2470 2166 2527; x_wconf 90' lang='lat' dir='ltr'>hanc</span> <span class='ocrx_word' id='word_1_230' title='bbox 2192 2485 2352 2542; x_wconf 91' lang='lat' dir='ltr'>sper-</span> 
     </span>
     <span class='ocr_line' id='line_1_31' title="bbox 347 2547 2350 2620; baseline 0 -18"><span class='ocrx_word' id='word_1_231' title='bbox 347 2554 495 2603; x_wconf 91' lang='lat' dir='ltr'>nunt</span> <span class='ocrx_word' id='word_1_232' title='bbox 533 2554 806 2618; x_wconf 88' lang='lat' dir='ltr'>tanquam</span> <span class='ocrx_word' id='word_1_233' title='bbox 845 2548 1104 2607; x_wconf 88' lang='lat' dir='ltr'>indecori</span> <span class='ocrx_word' id='word_1_234' title='bbox 1143 2549 1276 2607; x_wconf 91' lang='lat' dir='ltr'>otii:</span> <span class='ocrx_word' id='word_1_235' title='bbox 1322 2547 1590 2606; x_wconf 87' lang='lat' dir='ltr'>Carmina</span> <span class='ocrx_word' id='word_1_236' title='bbox 1627 2553 1841 2619; x_wconf 90' lang='lat' dir='ltr'>autem,</span> <span class='ocrx_word' id='word_1_237' title='bbox 1883 2562 2033 2619; x_wconf 90' lang='lat' dir='ltr'>quae</span> <span class='ocrx_word' id='word_1_238' title='bbox 2070 2552 2350 2620; x_wconf 84' lang='lat' dir='ltr'>pangunt,</span> 
     </span>
     <span class='ocr_line' id='line_1_32' title="bbox 352 2622 2354 2697; baseline 0 -18"><span class='ocrx_word' id='word_1_239' title='bbox 352 2623 525 2695; x_wconf 87' lang='lat' dir='ltr'>longo</span> <span class='ocrx_word' id='word_1_240' title='bbox 580 2641 688 2681; x_wconf 94' lang='lat' dir='ltr'>usu</span> <span class='ocrx_word' id='word_1_241' title='bbox 728 2625 811 2682; x_wconf 91' lang='lat' dir='ltr'>sic</span> <span class='ocrx_word' id='word_1_242' title='bbox 850 2640 952 2684; x_wconf 89' lang='lat' dir='ltr'>ore</span> <span class='ocrx_word' id='word_1_243' title='bbox 995 2630 1054 2682; x_wconf 90' lang='lat' dir='ltr'>et</span> <span class='ocrx_word' id='word_1_244' title='bbox 1090 2622 1333 2683; x_wconf 89' lang='lat' dir='ltr'>fundere</span> <span class='ocrx_word' id='word_1_245' title='bbox 1377 2630 1437 2682; x_wconf 88' lang='lat' dir='ltr'>et</span> <span class='ocrx_word' id='word_1_246' title='bbox 1476 2626 1743 2697; x_wconf 87' lang='lat' dir='ltr'>excipere</span> <span class='ocrx_word' id='word_1_247' title='bbox 1783 2629 2234 2696; x_wconf 89' lang='lat' dir='ltr'>consueverunt,</span> <span class='ocrx_word' id='word_1_248' title='bbox 2287 2628 2354 2680; x_wconf 87' lang='lat' dir='ltr'>ut</span> 
     </span>
     <span class='ocr_line' id='line_1_33' title="bbox 350 2700 2351 2773; baseline 0 -16"><span class='ocrx_word' id='word_1_249' title='bbox 350 2705 528 2757; x_wconf 88' lang='lat' dir='ltr'>cantu</span> <span class='ocrx_word' id='word_1_250' title='bbox 569 2706 630 2758; x_wconf 92' lang='lat' dir='ltr'>et</span> <span class='ocrx_word' id='word_1_251' title='bbox 667 2702 1008 2760; x_wconf 86' lang='lat' dir='ltr'>recitatione</span> <span class='ocrx_word' id='word_1_252' title='bbox 1048 2702 1421 2759; x_wconf 89' lang='lat' dir='ltr'>cummaxime</span> <span class='ocrx_word' id='word_1_253' title='bbox 1459 2702 1716 2773; x_wconf 87' lang='lat' dir='ltr'>vigentia</span> <span class='ocrx_word' id='word_1_254' title='bbox 1742 2700 2029 2759; x_wconf 88' lang='lat' dir='ltr'>deducere</span> <span class='ocrx_word' id='word_1_255' title='bbox 2058 2701 2134 2758; x_wconf 92' lang='lat' dir='ltr'>ad</span> <span class='ocrx_word' id='word_1_256' title='bbox 2160 2705 2351 2758; x_wconf 90' lang='lat' dir='ltr'>mutas</span> 
     </span>
     <span class='ocr_line' id='line_1_34' title="bbox 347 2777 2366 2850; baseline 0 -17"><span class='ocrx_word' id='word_1_257' title='bbox 347 2781 539 2848; x_wconf 81' lang='lat' dir='ltr'>notaS,</span> <span class='ocrx_word' id='word_1_258' title='bbox 582 2793 652 2834; x_wconf 91' lang='lat' dir='ltr'>ex</span> <span class='ocrx_word' id='word_1_259' title='bbox 680 2778 835 2835; x_wconf 91' lang='lat' dir='ltr'>illius</span> <span class='ocrx_word' id='word_1_260' title='bbox 858 2779 1067 2836; x_wconf 89' lang='lat' dir='ltr'>aetatis</span> <span class='ocrx_word' id='word_1_261' title='bbox 1097 2794 1267 2835; x_wconf 90' lang='lat' dir='ltr'>sensu</span> <span class='ocrx_word' id='word_1_262' title='bbox 1294 2777 1434 2835; x_wconf 89' lang='lat' dir='ltr'>nihil</span> <span class='ocrx_word' id='word_1_263' title='bbox 1465 2777 1624 2835; x_wconf 89' lang='lat' dir='ltr'>aliud</span> <span class='ocrx_word' id='word_1_264' title='bbox 1653 2782 1825 2850; x_wconf 89' lang='lat' dir='ltr'>esset,</span> <span class='ocrx_word' id='word_1_265' title='bbox 1868 2793 2040 2849; x_wconf 92' lang='lat' dir='ltr'>quam</span> <span class='ocrx_word' id='word_1_266' title='bbox 2065 2778 2366 2850; x_wconf 64' lang='lat' dir='ltr'>perimere*</span> 
     </span>
     <span class='ocr_line' id='line_1_35' title="bbox 351 2851 2352 2927; baseline 0 -17"><span class='ocrx_word' id='word_1_267' title='bbox 351 2869 424 2910; x_wconf 87' lang='lat' dir='ltr'>ea</span> <span class='ocrx_word' id='word_1_268' title='bbox 479 2859 538 2910; x_wconf 90' lang='lat' dir='ltr'>et</span> <span class='ocrx_word' id='word_1_269' title='bbox 575 2854 738 2911; x_wconf 80' lang='lat' dir='ltr'>vit-ali</span> <span class='ocrx_word' id='word_1_270' title='bbox 777 2856 833 2911; x_wconf 89' lang='lat' dir='ltr'>vi</span> <span class='ocrx_word' id='word_1_271' title='bbox 873 2870 941 2912; x_wconf 88' lang='lat' dir='ltr'>ac</span> <span class='ocrx_word' id='word_1_272' title='bbox 981 2855 1190 2927; x_wconf 88' lang='lat' dir='ltr'>spiritu</span> <span class='ocrx_word' id='word_1_273' title='bbox 1231 2856 1481 2927; x_wconf 89' lang='lat' dir='ltr'>privare.</span> <span class='ocrx_word' id='word_1_274' title='bbox 1566 2855 1692 2926; x_wconf 79' lang='lat' dir='ltr'>Qua</span> <span class='ocrx_word' id='word_1_275' title='bbox 1732 2854 1804 2911; x_wconf 92' lang='lat' dir='ltr'>de</span> <span class='ocrx_word' id='word_1_276' title='bbox 1845 2870 1910 2912; x_wconf 92' lang='lat' dir='ltr'>re</span> <span class='ocrx_word' id='word_1_277' title='bbox 1950 2851 2101 2911; x_wconf 87' lang='lat' dir='ltr'>infra</span> <span class='ocrx_word' id='word_1_278' title='bbox 2141 2853 2352 2924; x_wconf 88' lang='lat' dir='ltr'>dicam,</span> 
     </span>
     <span class='ocr_line' id='line_1_36' title="bbox 351 2929 2355 3003; baseline 0 -17"><span class='ocrx_word' id='word_1_279' title='bbox 351 2945 527 3000; x_wconf 90' lang='lat' dir='ltr'>quum</span> <span class='ocrx_word' id='word_1_280' title='bbox 568 2929 640 2988; x_wconf 92' lang='lat' dir='ltr'>de</span> <span class='ocrx_word' id='word_1_281' title='bbox 680 2946 915 2988; x_wconf 89' lang='lat' dir='ltr'>munere</span> <span class='ocrx_word' id='word_1_282' title='bbox 956 2931 1375 3003; x_wconf 90' lang='lat' dir='ltr'>rhapsodorum</span> <span class='ocrx_word' id='word_1_283' title='bbox 1417 2931 1743 3003; x_wconf 88' lang='lat' dir='ltr'>explicabo.</span> <span class='ocrx_word' id='word_1_284' title='bbox 1792 2932 1959 2989; x_wconf 89' lang='lat' dir='ltr'>Nunc</span> <span class='ocrx_word' id='word_1_285' title='bbox 1999 2931 2075 2988; x_wconf 89' lang='lat' dir='ltr'>ad</span> <span class='ocrx_word' id='word_1_286' title='bbox 2113 2929 2355 3002; x_wconf 91' lang='lat' dir='ltr'>impedi-</span> 
     </span>
     <span class='ocr_line' id='line_1_37' title="bbox 348 3006 2354 3081; baseline 0 -18"><span class='ocrx_word' id='word_1_287' title='bbox 348 3012 546 3064; x_wconf 90' lang='lat' dir='ltr'>menta</span> <span class='ocrx_word' id='word_1_288' title='bbox 583 3008 1023 3080; x_wconf 90' lang='lat' dir='ltr'>praevertimur,</span> <span class='ocrx_word' id='word_1_289' title='bbox 1069 3025 1215 3078; x_wconf 91' lang='lat' dir='ltr'>quae</span> <span class='ocrx_word' id='word_1_290' title='bbox 1258 3014 1421 3066; x_wconf 88' lang='lat' dir='ltr'>aetas</span> <span class='ocrx_word' id='word_1_291' title='bbox 1465 3008 1542 3066; x_wconf 91' lang='lat' dir='ltr'>ad</span> <span class='ocrx_word' id='word_1_292' title='bbox 1569 3006 1795 3081; x_wconf 89' lang='lat' dir='ltr'>opificia</span> <span class='ocrx_word' id='word_1_293' title='bbox 1820 3010 2006 3066; x_wconf 91' lang='lat' dir='ltr'>minus</span> <span class='ocrx_word' id='word_1_294' title='bbox 2035 3024 2216 3079; x_wconf 86' lang='lat' dir='ltr'>sagax</span> <span class='ocrx_word' id='word_1_295' title='bbox 2241 3022 2354 3065; x_wconf 90' lang='lat' dir='ltr'>non</span> 
     </span>
     <span class='ocr_line' id='line_1_38' title="bbox 348 3083 2488 3160; baseline -0.001 -19"><span class='ocrx_word' id='word_1_296' title='bbox 348 3083 541 3154; x_wconf 91' lang='lat' dir='ltr'>potuit</span> <span class='ocrx_word' id='word_1_297' title='bbox 589 3100 704 3142; x_wconf 90' lang='lat' dir='ltr'>non</span> <span class='ocrx_word' id='word_1_298' title='bbox 763 3083 1043 3156; x_wconf 88' lang='lat' dir='ltr'>obiicere,</span> <span class='ocrx_word' id='word_1_299' title='bbox 1096 3100 1168 3142; x_wconf 92' lang='lat' dir='ltr'>ne</span> <span class='ocrx_word' id='word_1_300' title='bbox 1209 3086 1323 3143; x_wconf 90' lang='lat' dir='ltr'>cito</span> <span class='ocrx_word' id='word_1_301' title='bbox 1362 3085 1511 3160; x_wconf 22' lang='lat' dir='ltr'>,talis</span> <span class='ocrx_word' id='word_1_302' title='bbox 1567 3101 1691 3152; x_wconf 81' lang='lat' dir='ltr'>reS‚</span> <span class='ocrx_word' id='word_1_303' title='bbox 1743 3091 1864 3143; x_wconf 89' lang='lat' dir='ltr'>tam</span> <span class='ocrx_word' id='word_1_304' title='bbox 1902 3099 2010 3157; x_wconf 88' lang='lat' dir='ltr'>per</span> <span class='ocrx_word' id='word_1_305' title='bbox 2048 3099 2111 3141; x_wconf 91' lang='lat' dir='ltr'>se</span> <span class='ocrx_word' id='word_1_306' title='bbox 2151 3099 2354 3155; x_wconf 90' lang='lat' dir='ltr'>parum</span> <span class='ocrx_word' id='word_1_307' title='bbox 2467 3098 2488 3104; x_wconf 39' lang='lat'>³</span> 
     </span>
     <span class='ocr_line' id='line_1_39' title="bbox 353 3159 2355 3232; baseline -0 -15"><span class='ocrx_word' id='word_1_308' title='bbox 353 3165 495 3231; x_wconf 88' lang='lat' dir='ltr'>apta</span> <span class='ocrx_word' id='word_1_309' title='bbox 518 3159 808 3227; x_wconf 77' lang='lat' dir='ltr'>,sensibus</span> <span class='ocrx_word' id='word_1_310' title='bbox 827 3203 841 3230; x_wconf 91' lang='lat'>,</span> <span class='ocrx_word' id='word_1_311' title='bbox 896 3161 968 3219; x_wconf 90' lang='lat' dir='ltr'>ab</span> <span class='ocrx_word' id='word_1_312' title='bbox 1022 3160 1377 3220; x_wconf 88' lang='lat' dir='ltr'>obscuritate</span> <span class='ocrx_word' id='word_1_313' title='bbox 1424 3161 1876 3220; x_wconf 88' lang='lat' dir='ltr'>rudimentorum</span> <span class='ocrx_word' id='word_1_314' title='bbox 1916 3159 1991 3218; x_wconf 89' lang='lat' dir='ltr'>ad</span> <span class='ocrx_word' id='word_1_315' title='bbox 2031 3165 2355 3232; x_wconf 89' lang='lat' dir='ltr'>promptam</span> 
     </span>
    </p>
   </div>
   <div class='ocr_carea' id='block_1_2' title="bbox 332 3291 2356 3568">
    <p class='ocr_par' dir='ltr' id='par_1_4' title="bbox 332 3291 2356 3568">
     <span class='ocr_line' id='line_1_40' title="bbox 332 3291 2355 3361; baseline -0.003 -11"><span class='ocrx_word' id='word_1_316' title='bbox 332 3303 371 3356; x_wconf 65' lang='lat' dir='ltr'><em>f</em></span> <span class='ocrx_word' id='word_1_317' title='bbox 497 3296 571 3361; x_wconf 78' lang='grc'>21)</span> <span class='ocrx_word' id='word_1_318' title='bbox 610 3297 691 3350; x_wconf 89' lang='lat' dir='ltr'>De</span> <span class='ocrx_word' id='word_1_319' title='bbox 726 3296 812 3350; x_wconf 85' lang='lat' dir='ltr'>his</span> <span class='ocrx_word' id='word_1_320' title='bbox 848 3295 978 3349; x_wconf 87' lang='lat' dir='ltr'>satis</span> <span class='ocrx_word' id='word_1_321' title='bbox 1013 3296 1178 3349; x_wconf 86' lang='lat' dir='ltr'>fuerit</span> <span class='ocrx_word' id='word_1_322' title='bbox 1214 3298 1488 3352; x_wconf 89' lang='lat' dir='ltr'>nominare</span> <span class='ocrx_word' id='word_1_323' title='bbox 1526 3292 2111 3350; x_wconf 81' lang='lat' dir='ltr'>unam&#39;celeberrimam</span> <span class='ocrx_word' id='word_1_324' title='bbox 2135 3291 2355 3360; x_wconf 87' lang='lat' dir='ltr'>inscrip-</span> 
     </span>
     <span class='ocr_line' id='line_1_41' title="bbox 350 3360 2356 3433; baseline -0.002 -17"><span class='ocrx_word' id='word_1_325' title='bbox 350 3364 556 3425; x_wconf 86' lang='lat' dir='ltr'>tionem</span> <span class='ocrx_word' id='word_1_326' title='bbox 592 3380 661 3416; x_wconf 87' lang='lat' dir='ltr'>ex</span> <span class='ocrx_word' id='word_1_327' title='bbox 687 3364 992 3432; x_wconf 86' lang='lat' dir='ltr'>Amyclaeis</span> <span class='ocrx_word' id='word_1_328' title='bbox 1014 3380 1047 3418; x_wconf 88' lang='lat' dir='ltr'>a</span> <span class='ocrx_word' id='word_1_329' title='bbox 1071 3364 1421 3419; x_wconf 84' lang='lat' dir='ltr'>Fourmontio</span> <span class='ocrx_word' id='word_1_330' title='bbox 1445 3365 1702 3433; x_wconf 84' lang='lat' dir='ltr'>repertis:</span> <span class='ocrx_word' id='word_1_331' title='bbox 1740 3365 1805 3417; x_wconf 90' lang='lat' dir='ltr'>de</span> <span class='ocrx_word' id='word_1_332' title='bbox 1841 3362 1948 3415; x_wconf 91' lang='lat' dir='ltr'>illis</span> <span class='ocrx_word' id='word_1_333' title='bbox 1968 3360 2161 3414; x_wconf 89' lang='lat' dir='ltr'>Thesei</span> <span class='ocrx_word' id='word_1_334' title='bbox 2187 3360 2356 3413; x_wconf 89' lang='lat' dir='ltr'>stelen</span> 
     </span>
     <span class='ocr_line' id='line_1_42' title="bbox 351 3429 2355 3500; baseline -0.002 -14"><span class='ocrx_word' id='word_1_335' title='bbox 351 3432 622 3500; x_wconf 88' lang='lat' dir='ltr'>lapideam</span> <span class='ocrx_word' id='word_1_336' title='bbox 657 3448 742 3499; x_wconf 86' lang='lat' dir='ltr'>ap.</span> <span class='ocrx_word' id='word_1_337' title='bbox 780 3432 1058 3486; x_wconf 85' lang='lat' dir='ltr'>Demosth.</span> <span class='ocrx_word' id='word_1_338' title='bbox 1097 3448 1141 3485; x_wconf 83' lang='lat' dir='ltr'>c.</span> <span class='ocrx_word' id='word_1_339' title='bbox 1180 3433 1377 3489; x_wconf 85' lang='lat' dir='ltr'>Neaer.</span> <span class='ocrx_word' id='word_1_340' title='bbox 1415 3450 1467 3500; x_wconf 92' lang='lat' dir='ltr'>p.</span> <span class='ocrx_word' id='word_1_341' title='bbox 1492 3435 1609 3488; x_wconf 87' lang='lat'>873.</span> <span class='ocrx_word' id='word_1_342' title='bbox 1645 3433 1730 3500; x_wconf 75' lang='lat' dir='ltr'>D,</span> <span class='ocrx_word' id='word_1_343' title='bbox 1767 3431 1934 3500; x_wconf 91' lang='lat' dir='ltr'>ipsius</span> <span class='ocrx_word' id='word_1_344' title='bbox 1970 3429 2162 3483; x_wconf 87' lang='lat' dir='ltr'>Cadmi</span> <span class='ocrx_word' id='word_1_345' title='bbox 2196 3429 2355 3482; x_wconf 92' lang='lat' dir='ltr'>dona-</span> 
     </span>
     <span class='ocr_line' id='line_1_43' title="bbox 351 3498 2354 3568; baseline -0.002 -15"><span class='ocrx_word' id='word_1_346' title='bbox 351 3501 492 3553; x_wconf 90' lang='lat' dir='ltr'>rium</span> <span class='ocrx_word' id='word_1_347' title='bbox 530 3516 616 3568; x_wconf 88' lang='lat' dir='ltr'>ap.</span> <span class='ocrx_word' id='word_1_348' title='bbox 652 3500 809 3555; x_wconf 90' lang='lat' dir='ltr'>Diod.</span> <span class='ocrx_word' id='word_1_349' title='bbox 838 3499 901 3567; x_wconf 92' lang='lat' dir='ltr'>V,</span> <span class='ocrx_word' id='word_1_350' title='bbox 939 3505 1039 3568; x_wconf 62' lang='lat'>58„</span> <span class='ocrx_word' id='word_1_351' title='bbox 1076 3516 1299 3555; x_wconf 87' lang='lat' dir='ltr'>aeneam</span> <span class='ocrx_word' id='word_1_352' title='bbox 1335 3501 1574 3555; x_wconf 87' lang='lat' dir='ltr'>tabulam</span> <span class='ocrx_word' id='word_1_353' title='bbox 1610 3516 1697 3568; x_wconf 88' lang='lat' dir='ltr'>ap.</span> <span class='ocrx_word' id='word_1_354' title='bbox 1721 3500 1855 3553; x_wconf 93' lang='lat' dir='ltr'>Plin.</span> <span class='ocrx_word' id='word_1_355' title='bbox 1882 3498 2103 3565; x_wconf 82' lang='lat' dir='ltr'>V11,58.</span> <span class='ocrx_word' id='word_1_356' title='bbox 2130 3502 2231 3550; x_wconf 89' lang='lat' dir='ltr'>etc.</span> <span class='ocrx_word' id='word_1_357' title='bbox 2254 3501 2354 3549; x_wconf 91' lang='lat' dir='ltr'>etc.</span> 
     </span>
    </p>
   </div>
   <div class='ocr_carea' id='block_1_3' title="bbox 1998 3593 2051 3634">
    <p class='ocr_par' dir='ltr' id='par_1_5' title="bbox 1998 3593 2051 3634">
     <span class='ocr_line' id='line_1_44' title="bbox 1998 3593 2051 3634; baseline 0 -14"><span class='ocrx_word' id='word_1_358' title='bbox 1998 3593 2051 3634; x_wconf 53' lang='grc' dir='ltr'>δί’</span> 
     </span>
    </p>
   </div>
   <div class='ocr_carea' id='block_1_4' title="bbox 601 3268 764 3275">
    <p class='ocr_par' dir='ltr' id='par_1_6' title="bbox 601 3268 764 3275">
     <span class='ocr_line' id='line_1_45' title="bbox 601 3268 764 3275; baseline 0 0"><span class='ocrx_word' id='word_1_359' title='bbox 601 3268 764 3275; x_wconf 95' lang='lat' dir='ltr'> </span> 
     </span>
    </p>
   </div>
  </div>
 </body>
</html>
