2734 4000
1283 262 1360 275 -
1418 238 1639 292 164-

362 399 440 443 m
618 384 866 459 Fateor,
920 385 1068 445 haec
1124 387 1318 446 omnia
1356 403 1394 446 a
1429 386 1596 451 nobis
1645 404 1760 446 non
1809 403 1981 461 posse
2020 387 2345 448 confirmari
2384 391 2465 451 ob

468 468 759 536 egestates
797 461 1066 523 fontium:
1109 468 1169 523 et
1207 465 1495 523 clarorum
1532 470 1855 538 temporum
1881 466 2066 524 lucem
2097 466 2461 539 exspectanti

466 540 677 599 sensim
716 539 979 614 subrepit
1034 540 1291 599 taedium
1333 542 1819 600 coniecturarum:
1873 548 1936 601 at
1973 559 2144 601 unam
2183 560 2305 602 rem
2341 560 2461 603 non

466 616 652 676 debeo
691 618 980 689 omittere,
1020 617 1096 675 ad
1122 617 1398 676 iudicium
1422 624 1680 677 nostrum
1708 619 1782 677 de
1808 619 1917 678 hoc
1941 620 2175 692 vulgato
2200 620 2460 680 Homero

64 764 65 769 γ
466 694 880 783 gravissimam.
945 694 1095 784 Nam
1121 700 1189 785 ut
1211 695 1582 785 aristarchus
1608 712 1659 785 a·
1670 696 1929 769 pluribus
1958 704 2215 787 veterum
2241 699 2458 771 partim

64 816 65 829 ¹
167 822 297 887 «ν
316 820 415 861 m*
465 771 2460 930 ffiffffi1f333¹1221³333¹f3222&iffiffisssmffiffl‘fffflffmmffffig

358 943 437 985 ²⁸⁸
463 940 609 1005 unus
648 923 955 998 repefitur,
1016 925 1113 998 qui
1152 924 1337 998 ipsum
1380 931 1578 1001 narret
1603 926 2459 1002 ,aliquid-‚iusignefflhiecisse

461 1002 689 1085 poetae,
729 1007 830 1060 aut
862 1018 906 1083 a
945 1018 1007 1076 se
1040 1004 2000 1078 compositosuversiffiinculcasse.
2067 1005 2255 1076 Atque
2287 1005 2346 1062 id
2374 1006 2456 1063 ab
2492 996 2624 1094 Qum*

460 1077 561 1137 illo
600 1095 714 1137 non
755 1095 883 1137 esse
923 1072 1153 1152 factum,
1198 1081 1374 1138 etiam
1415 1081 1725 1138 verisimile
1769 1086 1859 1139 est
1897 1087 2136 1155 propter
2176 1099 2261 1154 ea,
2302 1098 2457 1153 quae

461 1153 535 1213 de
573 1155 804 1227 ingenio
846 1156 970 1214 eius
996 1156 1260 1229 diximus,
1301 1162 1440 1231 apto
1479 1158 1580 1216 illo
1608 1157 1839 1230 quidem
1867 1165 1927 1216 et
1953 1159 2090 1218 trito
2118 1159 2440 1217 iudicandis

461 1233 827 1305 carminibus,
865 1233 1020 1291 haud
1047 1233 1387 1292 scribendis.
1450 1234 1674 1307 Itaque,
1713 1240 1780 1293 ut
1804 1235 1995 1294 omnia
2020 1252 2237 1294 summa
2262 1235 2455 1294 tribus

459 1474 507 1511 v.
545 1454 950 1528 Φιλομηλείδηςς
1009 1456 1111 1509 etsi
1162 1455 1269 1508 ista
1302 1472 1411 1509 non
1447 1455 1514 1509 de
1551 1455 1718 1510 nihilo
1755 1460 1896 1509 sunt.
1966 1456 2241 1525 Nusquam
2257 1457 2330 1509 sin
2364 1461 2454 1510 tot

459 1525 685 1583 Scholiis
731 1525 800 1579 ad
834 1524 1058 1580 Iliadem
1094 1530 1150 1578 et
1185 1523 1476 1592 odysseam
1496 1564 1510 1591 ,
1558 1540 1626 1577 110
1663 1525 1828 1578 semel
1865 1524 2079 1593 quidem
2094 1564 2109 1586 ‚
2158 1524 2449 1579 auctoritas

458 1597 789 1665 Hymnorum
825 1591 1070 1661 affertur,
1132 1609 1296 1660 quum
1343 1592 1460 1646 eius
1512 1594 1593 1646 rei
1651 1593 1861 1648 occasio
1912 1600 2068 1648 esset.
2126 1595 2291 1648 Immo
2326 1609 2450 1646 cum

459 1664 720 1731 exemplis
754 1666 863 1714 τῶν
902 1663 1191 1783 νεωτέέων
1230 1676 1271 1715 S.
1307 1665 1414 1714 τῶν
1452 1662 1590 1725 μεθ’
1615 1659 1876 1732 Ὅμηρον,
1924 1669 2194 1729 poetarum
2227 1667 2453 1714 Homero

497 1733 813 1794 oster-iorum,
850 1746 989 1799 quae
1025 1745 1058 1784 a
1099 1737 1323 1784 eruntur
1358 1730 1425 1783 ab
1463 1730 1582 1799 illis,
1619 1731 1869 1784 convenit
1890 1746 2265 1799 nonnunquam
2288 1729 2448 1798 plane

498 1801 546 1855 ’c
580 1814 708 1853 usus
742 1799 1087 1868 Hymnorum.
1159 1798 1308 1866 Quae
1357 1800 1405 1852 si
1438 1814 1568 1853 vera
1603 1805 1755 1867 sunt,
1805 1799 1964 1852 facile
2017 1806 2196 1867 potest
2241 1797 2450 1865 coniici,

458 1868 552 1939 qui
585 1868 786 1922 factum
820 1868 906 1936 sit,
941 1875 1004 1921 ut
1037 1867 1163 1921 olim
1197 1867 1345 1921 nulla
1381 1867 1607 1920 celebris
1641 1867 1805 1921 fuerit
1830 1867 2072 1922 collectio
2099 1868 2447 1936 Hymnorum,

458 1942 648 2006 parata
695 1936 762 1990 ab
809 1935 1017 1990 erudito
1065 1935 1442 1991 Grammatico.
1524 1936 1789 1990 Nimirum
1838 1937 1883 1990 si
1931 1935 2122 1990 fuisset
2154 1936 2302 2003 talis,
2348 1942 2447 1988 aut

459 2005 703 2075 equidem
729 2005 1145 2061 Scholiastarum
1181 2005 1620 2059 consuetudinem
1655 2006 1861 2074 ignom,
1897 2013 1993 2059 aut
2026 2004 2221 2059 alicubi
2256 2003 2446 2057 saltem

460 2075 576 2129 eius
609 2089 801 2130 nomen
838 2079 1090 2128 exstaret.
1160 2073 1318 2127 Nunc
1353 2074 1554 2142 Hymni
1589 2073 1656 2129 ab
1694 2074 1909 2142 optimis
1945 2073 2289 2141 scriptoribus
2310 2073 2444 2125 anti-

493 2143 679 2198 uitatis
713 2142 976 2210 neglecti,
1029 2149 1250 2210 praeter
1284 2142 1603 2197 Pausaniam
1652 2148 1708 2195 et
1743 2142 1942 2195 similes
1975 2141 2328 2210 antiquarios,
2370 2155 2445 2193 110

496 2210 781 2266 esiderium
815 2209 1029 2291 quidem
1063 2217 1304 2265 nostrum
1338 2216 1644 2279 moverent,
1690 2210 1794 2264 nisi
1828 2226 1954 2263 rara
1989 2210 2203 2264 fortuna
2237 2209 2446 2277 aliquot.

246 2281 280 2314 ³*
456 2279 696 2335 codicum
731 2279 872 2334 101113
905 2278 1252 2347 pepercisset.
2200 2342 2207 2347 ,

591 2364 662 2431 5²)
697 2363 834 2419 Vide
870 2381 985 2433 sup.
1022 2380 1139 2433 cap.
1174 2364 1366 2418 XLVI.
1381 2379 1494 2433 sqq.
1521 2369 1577 2418 et
1597 2363 1792 2417 XLIX.
1808 2378 1885 2432 sq.
1954 2364 2031 2417 At
2064 2362 2289 2417 fortasse
2312 2378 2442 2417 11011-

452 2432 591 2488 nulli
621 2434 783 2487 etiam
812 2432 1173 2503 ἐξαίρεσιν
1223 2436 1479 2501 (lituram)
1502 2432 1872 2487 -subiecerunt
1904 2431 2162 2487 vocabulo
2201 2432 2444 2499 ἀθετή-

456 2520 533 2555 σε
548 2520 648 2562 ως.
707 2501 845 2555 Nam
880 2503 984 2555 ista
1019 2502 1124 2555 duo
1160 2500 1414 2556 confundi
1449 2501 1700 2555 videntur
1733 2500 2032 2568 interdum3
2068 2505 2125 2553 et
2158 2498 2261 2553 fuit
2283 2498 2439 2552 facile

454 2570 794 2638 confundere,
830 2569 1143 2637 praesertim
1179 2569 1345 2623 verba
1381 2571 1720 2640 περιγράψαι
1763 2575 1818 2622 et
1841 2568 2064 2629 ἐξελεῖν.
2136 2566 2443 2622 Cuiusmodi

453 2645 660 2693 certum
685 2639 985 2706 exemplum
1020 2637 1246 2706 praebet
1279 2636 1531 2692 Eustath.
1567 2637 1637 2692 ad
1661 2637 1847 2707 Odyss.
1873 2654 1925 2706 p.
1957 2641 2104 2691 1480.
2132 2641 2210 2691 19.
2247 2636 2442 2690 collato

452 2707 570 2763 loco
604 2707 885 2761 Athenaei.
955 2705 1204 2760 Ceterum
1237 2705 1511 2760 libidinem
1545 2705 1863 2775 corrigendi,
1899 2703 2286 2773 quae‘proprie
2311 2703 2439 2758 dici-

450 2781 542 2830 tur
574 2775 631 2829 in
662 2775 840 2830 verbis
874 2780 930 2828 et
946 2774 1224 2828 sententiis
1247 2774 1484 2843 singulis,
1522 2782 1733 2829 veteres
1754 2774 2020 2829 rarissime
2042 2772 2439 2842 reprehendunt

450 2845 509 2898 in
542 2844 854 2899 Aristarcho
869 2883 883 2911 ,
934 2842 1037 2897 etsi
1084 2858 1191 2897 non
1242 2858 1367 2897 raro
1403 2842 1661 2897 recedunt
1695 2858 1729 2896 a
1764 2842 1995 2897 decretis
2029 2842 2158 2895 eius,
2215 2842 2447 2895 Praeter

449 2912 586 2968 haec
620 2911 917 2980 singulares
960 2915 1085 2965 sunt
1127 2910 1183 2964 in
1217 2910 1443 2965 Scholiis
1477 2911 1580 2966 loci
1615 2910 1720 2964 duo
1735 2949 1750 2980 ,
1803 2926 1941 2965 unus
1975 2910 2045 2964 ad
2080 2930 2112 2964 ι.
2147 2913 2265 2965 222.
2300 2909 2451 2963 alter

444 2981 523 3035 *ad
556 3000 610 3035 π.
643 2984 761 3036 466.
830 2980 895 3033 In
927 2978 1107 3048 priore
1141 2979 1454 3035 Aristarcho
1490 2979 1651 3033 etiam
1672 2980 1976 3034 reverentia
1999 2984 2240 3033 veterum
2257 2991 2444 3032 recen·

453 3050 659 3105 sionum
701 3048 956 3102 tribuitur
1003 3052 1059 3101 et
1104 3050 1333 3119 περιττὴ
1371 3048 1663 3112 εὐλάβειαι
1698 3049 1756 3101 111
1790 3047 2089 3115 posteriore
2139 3045 2444 3101 constantia

453 3117 835 3172 emendationis
881 3131 1062 3170 eorum
1075 3156 1089 3184 ‚
1155 3131 1292 3184 quae
1348 3115 1657 3195 praeceptis
1704 3116 1814 3170 suis
1860 3115 2130 3170 contraria
2176 3119 2440 3184 putasset.

448 3185 627 3253 Quum
662 3185 801 3239 enim
836 3184 910 3238 ibi
943 3183 1147 3251 aliquid
1180 3184 1287 3238 tale
1325 3190 1411 3265 sitz
1447 3190 1726 3239 enarrator
1759 3183 1975 3239 coniicit
1988 3224 2002 3252 ‚
2051 3182 2110 3236 111
2144 3182 2438 3251 exemplari

451 3254 594 3308 illius
628 3253 786 3307 aliam
823 3253 1140 3321 scripturam
1175 3252 1300 3308 olim
1335 3252 1527 3307 fuisse:
1574 3253 1648 3304 οὐ
1680 3254 1811 3322 γὰρ
1846 3249 1923 3303 ἂν
1960 3252 2129 3304 αὐτὸ
2163 3253 2436 3321 ἀπαρα-

449 3323 759 3395 μύθητον
797 3322 827 3373 ὁ
857 3320 1296 3393 Ἀρίσταρχος
1331 3323 1623 3392 ἀφῆκεν,
1660 3339 1763 3373 non
1796 3321 2274 3387 relicturusfuissct
2300 3320 2441 3372 illud

448 3392 561 3443 sino
592 3391 786 3442 medela
821 3400 911 3440 aut
928 3391 1176 3452 sommo.
1246 3390 1479 3444 Doctum
1511 3389 1616 3443 hoc
1648 3395 1732 3443 est
1765 3395 1836 3442 et·
1854 3392 2126 3443 vetustum
2165 3388 2445 3456 Scholion,

450 3456 549 3511 sed
583 3457 734 3510 cuius
767 3461 956 3509 auctor
989 3461 1196 3510 textum
1230 3456 1531 3512 Aristarchi
1566 3473 1673 3512 non
1707 3456 1952 3511 viderat:
