<?xml version="1.0" encoding="UTF-8"?>
<!DOCTYPE html PUBLIC "-//W3C//DTD XHTML 1.0 Transitional//EN"
    "http://www.w3.org/TR/xhtml1/DTD/xhtml1-transitional.dtd">
<html xmlns="http://www.w3.org/1999/xhtml" xml:lang="en" lang="en">
 <head>
  <title>
</title>
<meta http-equiv="Content-Type" content="text/html;charset=utf-8" />
  <meta name='ocr-system' content='tesseract 3.04.00' />
  <meta name='ocr-capabilities' content='ocr_page ocr_carea ocr_par ocr_line ocrx_word'/>
</head>
<body>
  <div class='ocr_page' id='page_1' title='image "./prolegomenaadho00bekkgoog_0036.png"; bbox 0 0 2734 4000; ppageno 0'>
   <div class='ocr_carea' id='block_1_1' title="bbox 1239 150 1607 248">
    <p class='ocr_par' dir='ltr' id='par_1_1' title="bbox 1239 150 1607 248">
     <span class='ocr_line' id='line_1_1' title="bbox 1239 150 1607 248; baseline 0.005 -1"><span class='ocrx_word' id='word_1_1' title='bbox 1239 195 1454 248; x_wconf 83' lang='lat'>-10</span> <span class='ocrx_word' id='word_1_2' title='bbox 1525 150 1607 230; x_wconf 29' lang='lat'>—*</span> 
     </span>
    </p>
   </div>
   <div class='ocr_carea' id='block_1_2' title="bbox 315 339 2482 3255">
    <p class='ocr_par' dir='ltr' id='par_1_2' title="bbox 407 339 2421 797">
     <span class='ocr_line' id='line_1_2' title="bbox 409 339 2419 416; baseline 0.001 -14"><span class='ocrx_word' id='word_1_3' title='bbox 409 342 643 415; x_wconf 81' lang='lat' dir='ltr'><strong>stantia,</strong></span> <span class='ocrx_word' id='word_1_4' title='bbox 698 345 822 403; x_wconf 91' lang='lat' dir='ltr'>sine</span> <span class='ocrx_word' id='word_1_5' title='bbox 861 342 1067 416; x_wconf 88' lang='lat' dir='ltr'>quibus</span> <span class='ocrx_word' id='word_1_6' title='bbox 1108 339 1421 399; x_wconf 87' lang='lat' dir='ltr'>multarum</span> <span class='ocrx_word' id='word_1_7' title='bbox 1459 342 1771 402; x_wconf 90' lang='lat' dir='ltr'>lectionum</span> <span class='ocrx_word' id='word_1_8' title='bbox 1813 347 1873 401; x_wconf 91' lang='lat' dir='ltr'>et</span> <span class='ocrx_word' id='word_1_9' title='bbox 1910 359 2179 402; x_wconf 89' lang='lat' dir='ltr'>versuum</span> <span class='ocrx_word' id='word_1_10' title='bbox 2219 350 2419 405; x_wconf 86' lang='lat' dir='ltr'>aucto·</span> 
     </span>
     <span class='ocr_line' id='line_1_3' title="bbox 407 417 2418 494; baseline 0.002 -18"><span class='ocrx_word' id='word_1_11' title='bbox 407 420 552 478; x_wconf 89' lang='lat' dir='ltr'>ritas</span> <span class='ocrx_word' id='word_1_12' title='bbox 602 420 768 480; x_wconf 91' lang='lat' dir='ltr'>nobis</span> <span class='ocrx_word' id='word_1_13' title='bbox 835 434 1072 494; x_wconf 86' lang='lat' dir='ltr'>prorsus</span> <span class='ocrx_word' id='word_1_14' title='bbox 1128 417 1489 490; x_wconf 83' lang='lat' dir='ltr'>incomperta</span> <span class='ocrx_word' id='word_1_15' title='bbox 1549 425 1725 478; x_wconf 90' lang='lat' dir='ltr'>esset.</span> <span class='ocrx_word' id='word_1_16' title='bbox 1816 419 2023 491; x_wconf 82' lang='lat' dir='ltr'>Neque</span> <span class='ocrx_word' id='word_1_17' title='bbox 2082 420 2192 480; x_wconf 89' lang='lat' dir='ltr'>hoc</span> <span class='ocrx_word' id='word_1_18' title='bbox 2250 421 2418 481; x_wconf 86' lang='lat' dir='ltr'>nobis</span> 
     </span>
     <span class='ocr_line' id='line_1_4' title="bbox 409 493 2417 566; baseline 0 -12"><span class='ocrx_word' id='word_1_19' title='bbox 409 495 548 555; x_wconf 88' lang='lat' dir='ltr'>solis</span> <span class='ocrx_word' id='word_1_20' title='bbox 589 495 898 556; x_wconf 90' lang='lat' dir='ltr'>dolendum</span> <span class='ocrx_word' id='word_1_21' title='bbox 939 502 1098 564; x_wconf 88' lang='lat' dir='ltr'>erat,</span> <span class='ocrx_word' id='word_1_22' title='bbox 1151 493 1251 566; x_wconf 89' lang='lat' dir='ltr'>qui</span> <span class='ocrx_word' id='word_1_23' title='bbox 1290 495 1351 552; x_wconf 91' lang='lat' dir='ltr'>in</span> <span class='ocrx_word' id='word_1_24' title='bbox 1389 494 1481 553; x_wconf 88' lang='lat' dir='ltr'>his</span> <span class='ocrx_word' id='word_1_25' title='bbox 1522 496 1731 556; x_wconf 91' lang='lat' dir='ltr'>studiis</span> <span class='ocrx_word' id='word_1_26' title='bbox 1771 502 1891 556; x_wconf 87' lang='lat' dir='ltr'>tam</span> <span class='ocrx_word' id='word_1_27' title='bbox 1930 512 2061 556; x_wconf 91' lang='lat' dir='ltr'>sero</span> <span class='ocrx_word' id='word_1_28' title='bbox 2103 513 2417 556; x_wconf 85' lang='lat' dir='ltr'>versamur.</span> 
     </span>
     <span class='ocr_line' id='line_1_5' title="bbox 407 571 2420 645; baseline 0.001 -14"><span class='ocrx_word' id='word_1_29' title='bbox 407 572 558 631; x_wconf 87' lang='lat' dir='ltr'>Nam</span> <span class='ocrx_word' id='word_1_30' title='bbox 586 574 760 634; x_wconf 88' lang='lat' dir='ltr'>etiam</span> <span class='ocrx_word' id='word_1_31' title='bbox 787 573 1180 643; x_wconf 88' lang='lat' dir='ltr'>Eustathium,</span> <span class='ocrx_word' id='word_1_32' title='bbox 1210 587 1382 642; x_wconf 90' lang='lat' dir='ltr'>quem</span> <span class='ocrx_word' id='word_1_33' title='bbox 1412 571 1623 631; x_wconf 91' lang='lat' dir='ltr'>deinde</span> <span class='ocrx_word' id='word_1_34' title='bbox 1650 574 1860 632; x_wconf 92' lang='lat' dir='ltr'>iterum</span> <span class='ocrx_word' id='word_1_35' title='bbox 1889 573 2238 645; x_wconf 90' lang='lat' dir='ltr'>tertiumque</span> <span class='ocrx_word' id='word_1_36' title='bbox 2268 590 2420 634; x_wconf 91' lang='lat' dir='ltr'>com-</span> 
     </span>
     <span class='ocr_line' id='line_1_6' title="bbox 407 647 2420 723; baseline 0.001 -15"><span class='ocrx_word' id='word_1_37' title='bbox 407 649 626 722; x_wconf 85' lang='lat' dir='ltr'>paravi,</span> <span class='ocrx_word' id='word_1_38' title='bbox 677 668 851 723; x_wconf 92' lang='lat' dir='ltr'>quum</span> <span class='ocrx_word' id='word_1_39' title='bbox 899 648 1285 721; x_wconf 86' lang='lat' dir='ltr'><strong>antiquissimi</strong></span> <span class='ocrx_word' id='word_1_40' title='bbox 1333 647 1550 708; x_wconf 90' lang='lat' dir='ltr'>codicis</span> <span class='ocrx_word' id='word_1_41' title='bbox 1603 649 1749 708; x_wconf 91' lang='lat' dir='ltr'>Ven.</span> <span class='ocrx_word' id='word_1_42' title='bbox 1806 649 2158 710; x_wconf 87' lang='lat' dir='ltr'>CCCCLIII.</span> <span class='ocrx_word' id='word_1_43' title='bbox 2208 651 2420 710; x_wconf 90' lang='lat' dir='ltr'>notitia</span> 
     </span>
     <span class='ocr_line' id='line_1_7' title="bbox 409 725 2421 800; baseline 0.002 -17"><span class='ocrx_word' id='word_1_44' title='bbox 409 727 716 800; x_wconf 82' lang='lat' dir='ltr'><strong>caruisset,</strong></span> <span class='ocrx_word' id='word_1_45' title='bbox 765 727 881 786; x_wconf 88' lang='lat' dir='ltr'>ista</span> <span class='ocrx_word' id='word_1_46' title='bbox 931 727 991 784; x_wconf 92' lang='lat' dir='ltr'>in</span> <span class='ocrx_word' id='word_1_47' title='bbox 1041 742 1108 783; x_wconf 89' lang='lat' dir='ltr'>re</span> <span class='ocrx_word' id='word_1_48' title='bbox 1160 725 1405 797; x_wconf 80' lang='lat' dir='ltr'><strong>cognovi</strong></span> <span class='ocrx_word' id='word_1_49' title='bbox 1453 725 1609 784; x_wconf 91' lang='lat' dir='ltr'>haud</span> <span class='ocrx_word' id='word_1_50' title='bbox 1658 728 1840 786; x_wconf 92' lang='lat' dir='ltr'>multo</span> <span class='ocrx_word' id='word_1_51' title='bbox 1891 727 2129 786; x_wconf 89' lang='lat' dir='ltr'>meliore</span> <span class='ocrx_word' id='word_1_52' title='bbox 2185 725 2421 787; x_wconf 87' lang='lat' dir='ltr'>fortuna</span> 
     </span>
    </p>

    <p class='ocr_par' dir='ltr' id='par_1_3' title="bbox 332 801 2419 1322">
     <span class='ocr_line' id='line_1_8' title="bbox 332 801 2418 876; baseline -0.001 -10"><span class='ocrx_word' id='word_1_53' title='bbox 332 827 382 866; x_wconf 73' lang='grc' dir='ltr'>ιε</span> <span class='ocrx_word' id='word_1_54' title='bbox 407 819 600 876; x_wconf 90' lang='lat' dir='ltr'>usum,</span> <span class='ocrx_word' id='word_1_55' title='bbox 642 820 814 876; x_wconf 87' lang='lat' dir='ltr'>quam</span> <span class='ocrx_word' id='word_1_56' title='bbox 864 802 1120 875; x_wconf 85' lang='lat' dir='ltr'>quemvis</span> <span class='ocrx_word' id='word_1_57' title='bbox 1159 801 1549 860; x_wconf 80' lang='lat' dir='ltr'>recentiorum</span> <span class='ocrx_word' id='word_1_58' title='bbox 1590 802 1877 862; x_wconf 90' lang='lat' dir='ltr'>editorum</span> <span class='ocrx_word' id='word_1_59' title='bbox 1917 819 2046 861; x_wconf 93' lang='lat' dir='ltr'>cum</span> <span class='ocrx_word' id='word_1_60' title='bbox 2084 805 2418 876; x_wconf 89' lang='lat' dir='ltr'>proletariis</span> 
     </span>
     <span class='ocr_line' id='line_1_9' title="bbox 409 848 2420 955; baseline 0.002 -18"><span class='ocrx_word' id='word_1_61' title='bbox 409 848 700 939; x_wconf 80' lang='lat' dir='ltr'><strong>codicibus</strong></span> <span class='ocrx_word' id='word_1_62' title='bbox 753 881 890 939; x_wconf 89' lang='lat' dir='ltr'>suis.</span> <span class='ocrx_word' id='word_1_63' title='bbox 968 880 1047 937; x_wconf 90' lang='lat' dir='ltr'>At</span> <span class='ocrx_word' id='word_1_64' title='bbox 1087 879 1214 950; x_wconf 92' lang='lat' dir='ltr'>ille,</span> <span class='ocrx_word' id='word_1_65' title='bbox 1266 878 1364 951; x_wconf 90' lang='lat' dir='ltr'>qui</span> <span class='ocrx_word' id='word_1_66' title='bbox 1405 879 1465 936; x_wconf 94' lang='lat' dir='ltr'>in</span> <span class='ocrx_word' id='word_1_67' title='bbox 1506 878 1760 939; x_wconf 90' lang='lat' dir='ltr'>Homero</span> <span class='ocrx_word' id='word_1_68' title='bbox 1802 880 1945 938; x_wconf 89' lang='lat' dir='ltr'><strong>nihil</strong></span> <span class='ocrx_word' id='word_1_69' title='bbox 1984 886 2225 952; x_wconf 83' lang='lat' dir='ltr'>praeter</span> <span class='ocrx_word' id='word_1_70' title='bbox 2292 881 2420 955; x_wconf 86' lang='lat' dir='ltr'>pul-</span> 
     </span>
     <span class='ocr_line' id='line_1_10' title="bbox 406 954 2416 1030; baseline 0.001 -16"><span class='ocrx_word' id='word_1_71' title='bbox 406 955 604 1014; x_wconf 88' lang='lat' dir='ltr'>chrum</span> <span class='ocrx_word' id='word_1_72' title='bbox 643 962 877 1030; x_wconf 74' lang='lat' dir='ltr'>poetam</span> <span class='ocrx_word' id='word_1_73' title='bbox 916 954 1251 1026; x_wconf 89' lang='lat' dir='ltr'>mirabatur,</span> <span class='ocrx_word' id='word_1_74' title='bbox 1291 954 1613 1027; x_wconf 88' lang='lat' dir='ltr'>priscorum</span> <span class='ocrx_word' id='word_1_75' title='bbox 1655 957 1778 1015; x_wconf 92' lang='lat' dir='ltr'>eius</span> <span class='ocrx_word' id='word_1_76' title='bbox 1820 955 2071 1015; x_wconf 88' lang='lat' dir='ltr'>fatorum</span> <span class='ocrx_word' id='word_1_77' title='bbox 2095 958 2286 1015; x_wconf 90' lang='lat' dir='ltr'>minus</span> <span class='ocrx_word' id='word_1_78' title='bbox 2316 974 2416 1016; x_wconf 90' lang='lat' dir='ltr'>cu·</span> 
     </span>
     <span class='ocr_line' id='line_1_11' title="bbox 406 1032 2414 1106; baseline 0.002 -16"><span class='ocrx_word' id='word_1_79' title='bbox 406 1034 613 1105; x_wconf 80' lang='lat' dir='ltr'>riosuS,</span> <span class='ocrx_word' id='word_1_80' title='bbox 655 1040 716 1092; x_wconf 90' lang='lat' dir='ltr'>et</span> <span class='ocrx_word' id='word_1_81' title='bbox 753 1034 1071 1092; x_wconf 89' lang='lat' dir='ltr'>rhetoricos</span> <span class='ocrx_word' id='word_1_82' title='bbox 1111 1032 1305 1104; x_wconf 90' lang='lat' dir='ltr'>potius</span> <span class='ocrx_word' id='word_1_83' title='bbox 1346 1047 1519 1103; x_wconf 86' lang='lat' dir='ltr'>quam</span> <span class='ocrx_word' id='word_1_84' title='bbox 1557 1033 1788 1092; x_wconf 90' lang='lat' dir='ltr'>criticos</span> <span class='ocrx_word' id='word_1_85' title='bbox 1828 1034 2179 1106; x_wconf 83' lang='lat' dir='ltr'>interpretes</span> <span class='ocrx_word' id='word_1_86' title='bbox 2220 1040 2414 1093; x_wconf 90' lang='lat' dir='ltr'>secta-</span> 
     </span>
     <span class='ocr_line' id='line_1_12' title="bbox 407 1108 2418 1183; baseline 0.001 -16"><span class='ocrx_word' id='word_1_87' title='bbox 407 1115 518 1180; x_wconf 79' lang='lat' dir='ltr'>tuS,</span> <span class='ocrx_word' id='word_1_88' title='bbox 560 1111 787 1183; x_wconf 87' lang='lat' dir='ltr'>omnino</span> <span class='ocrx_word' id='word_1_89' title='bbox 828 1109 902 1168; x_wconf 90' lang='lat' dir='ltr'>ab</span> <span class='ocrx_word' id='word_1_90' title='bbox 941 1109 1052 1167; x_wconf 89' lang='lat' dir='ltr'>hac</span> <span class='ocrx_word' id='word_1_91' title='bbox 1091 1114 1260 1182; x_wconf 89' lang='lat' dir='ltr'>parte</span> <span class='ocrx_word' id='word_1_92' title='bbox 1299 1124 1414 1167; x_wconf 92' lang='lat' dir='ltr'>non</span> <span class='ocrx_word' id='word_1_93' title='bbox 1453 1114 1693 1181; x_wconf 88' lang='lat' dir='ltr'>tantam,</span> <span class='ocrx_word' id='word_1_94' title='bbox 1736 1115 1954 1181; x_wconf 87' lang='lat' dir='ltr'>quanta</span> <span class='ocrx_word' id='word_1_95' title='bbox 1980 1111 2154 1183; x_wconf 82' lang='lat' dir='ltr'>vulgo</span> <span class='ocrx_word' id='word_1_96' title='bbox 2184 1108 2418 1181; x_wconf 81' lang='lat' dir='ltr'>fruitur,</span> 
     </span>
     <span class='ocr_line' id='line_1_13' title="bbox 405 1184 2419 1259; baseline 0.002 -16"><span class='ocrx_word' id='word_1_97' title='bbox 405 1186 637 1245; x_wconf 91' lang='lat' dir='ltr'>laudem</span> <span class='ocrx_word' id='word_1_98' title='bbox 684 1188 919 1259; x_wconf 89' lang='lat' dir='ltr'>meruit,</span> <span class='ocrx_word' id='word_1_99' title='bbox 972 1186 1275 1259; x_wconf 84' lang='lat' dir='ltr'>plurimam</span> <span class='ocrx_word' id='word_1_100' title='bbox 1326 1184 1503 1244; x_wconf 92' lang='lat' dir='ltr'>debet</span> <span class='ocrx_word' id='word_1_101' title='bbox 1551 1187 1813 1245; x_wconf 89' lang='lat' dir='ltr'>iacturae</span> <span class='ocrx_word' id='word_1_102' title='bbox 1864 1187 2186 1247; x_wconf 88' lang='lat' dir='ltr'>doctiorum</span> <span class='ocrx_word' id='word_1_103' title='bbox 2240 1188 2419 1247; x_wconf 90' lang='lat' dir='ltr'><strong>Scho-</strong></span> 
     </span>
     <span class='ocr_line' id='line_1_14' title="bbox 412 1262 634 1322; baseline -0.009 -2"><span class='ocrx_word' id='word_1_104' title='bbox 412 1262 634 1322; x_wconf 92' lang='lat' dir='ltr'>liorum.</span> 
     </span>
    </p>

    <p class='ocr_par' dir='ltr' id='par_1_4' title="bbox 406 1339 2482 1643">
     <span class='ocr_line' id='line_1_15' title="bbox 522 1339 2482 1417; baseline 0.001 -19"><span class='ocrx_word' id='word_1_105' title='bbox 522 1340 824 1400; x_wconf 89' lang='lat' dir='ltr'>Postremo</span> <span class='ocrx_word' id='word_1_106' title='bbox 873 1339 1048 1398; x_wconf 87' lang='lat' dir='ltr'>retuli</span> <span class='ocrx_word' id='word_1_107' title='bbox 1097 1355 1190 1398; x_wconf 89' lang='lat' dir='ltr'>me</span> <span class='ocrx_word' id='word_1_108' title='bbox 1231 1339 1308 1398; x_wconf 89' lang='lat' dir='ltr'>ad</span> <span class='ocrx_word' id='word_1_109' title='bbox 1346 1339 1837 1412; x_wconf 81' lang='lat' dir='ltr'>cognoscendum,</span> <span class='ocrx_word' id='word_1_110' title='bbox 1898 1339 2182 1412; x_wconf 92' lang='lat' dir='ltr'>quidquid</span> <span class='ocrx_word' id='word_1_111' title='bbox 2231 1340 2419 1400; x_wconf 87' lang='lat' dir='ltr'>bonae</span> <span class='ocrx_word' id='word_1_112' title='bbox 2473 1408 2482 1417; x_wconf 46' lang='lat'>‚</span> 
     </span>
     <span class='ocr_line' id='line_1_16' title="bbox 406 1414 2420 1490; baseline 0.002 -17"><span class='ocrx_word' id='word_1_113' title='bbox 406 1414 592 1489; x_wconf 81' lang='lat' dir='ltr'>frugis</span> <span class='ocrx_word' id='word_1_114' title='bbox 633 1418 871 1475; x_wconf 83' lang='lat' dir='ltr'>allatum</span> <span class='ocrx_word' id='word_1_115' title='bbox 913 1423 1069 1475; x_wconf 92' lang='lat' dir='ltr'>esset</span> <span class='ocrx_word' id='word_1_116' title='bbox 1109 1432 1181 1474; x_wconf 85' lang='lat' dir='ltr'>ex</span> <span class='ocrx_word' id='word_1_117' title='bbox 1220 1432 1393 1474; x_wconf 88' lang='lat' dir='ltr'>manu</span> <span class='ocrx_word' id='word_1_118' title='bbox 1432 1417 1662 1488; x_wconf 88' lang='lat' dir='ltr'>scriptis</span> <span class='ocrx_word' id='word_1_119' title='bbox 1706 1417 2150 1490; x_wconf 77' lang='lat' dir='ltr'>exemplaribuS,</span> <span class='ocrx_word' id='word_1_120' title='bbox 2197 1434 2420 1476; x_wconf 91' lang='lat' dir='ltr'>curam-</span> 
     </span>
     <span class='ocr_line' id='line_1_17' title="bbox 410 1492 2419 1566; baseline 0.001 -16"><span class='ocrx_word' id='word_1_121' title='bbox 410 1510 521 1565; x_wconf 89' lang='lat' dir='ltr'>que</span> <span class='ocrx_word' id='word_1_122' title='bbox 561 1492 1036 1552; x_wconf 89' lang='lat' dir='ltr'>conferendarum</span> <span class='ocrx_word' id='word_1_123' title='bbox 1077 1493 1393 1566; x_wconf 88' lang='lat' dir='ltr'>primarum</span> <span class='ocrx_word' id='word_1_124' title='bbox 1434 1492 1777 1565; x_wconf 83' lang='lat' dir='ltr'>editionum,</span> <span class='ocrx_word' id='word_1_125' title='bbox 1827 1494 2152 1553; x_wconf 87' lang='lat' dir='ltr'>institutam</span> <span class='ocrx_word' id='word_1_126' title='bbox 2192 1493 2265 1552; x_wconf 90' lang='lat' dir='ltr'>ab</span> <span class='ocrx_word' id='word_1_127' title='bbox 2307 1494 2419 1553; x_wconf 88' lang='lat' dir='ltr'>Er-</span> 
     </span>
     <span class='ocr_line' id='line_1_18' title="bbox 406 1569 2418 1643; baseline 0.001 -16"><span class='ocrx_word' id='word_1_128' title='bbox 406 1570 613 1643; x_wconf 92' lang='lat' dir='ltr'>nestio,</span> <span class='ocrx_word' id='word_1_129' title='bbox 654 1587 837 1642; x_wconf 90' lang='lat' dir='ltr'>usque</span> <span class='ocrx_word' id='word_1_130' title='bbox 866 1570 953 1628; x_wconf 86' lang='lat' dir='ltr'>ad</span> <span class='ocrx_word' id='word_1_131' title='bbox 995 1569 1445 1642; x_wconf 88' lang='lat' dir='ltr'>Stephanianam</span> <span class='ocrx_word' id='word_1_132' title='bbox 1483 1574 1824 1642; x_wconf 88' lang='lat' dir='ltr'>persecutus</span> <span class='ocrx_word' id='word_1_133' title='bbox 1865 1586 2021 1642; x_wconf 83' lang='lat' dir='ltr'>sum3</span> <span class='ocrx_word' id='word_1_134' title='bbox 2079 1570 2252 1643; x_wconf 83' lang='lat' dir='ltr'>longe</span> <span class='ocrx_word' id='word_1_135' title='bbox 2293 1571 2418 1642; x_wconf 89' lang='lat' dir='ltr'>qui-</span> 
     </span>
    </p>

    <p class='ocr_par' dir='ltr' id='par_1_5' title="bbox 354 1644 2420 2795">
     <span class='ocr_line' id='line_1_19' title="bbox 354 1644 2418 1717; baseline 0.001 -13"><span class='ocrx_word' id='word_1_136' title='bbox 354 1682 365 1687; x_wconf 63' lang='lat'>,</span> <span class='ocrx_word' id='word_1_137' title='bbox 407 1646 541 1705; x_wconf 92' lang='lat' dir='ltr'>dem</span> <span class='ocrx_word' id='word_1_138' title='bbox 580 1647 798 1706; x_wconf 91' lang='lat' dir='ltr'>minore</span> <span class='ocrx_word' id='word_1_139' title='bbox 837 1644 1030 1705; x_wconf 87' lang='lat' dir='ltr'>fructu</span> <span class='ocrx_word' id='word_1_140' title='bbox 1082 1663 1252 1717; x_wconf 90' lang='lat' dir='ltr'>quam</span> <span class='ocrx_word' id='word_1_141' title='bbox 1305 1645 1524 1705; x_wconf 87' lang='lat' dir='ltr'>labore.</span> <span class='ocrx_word' id='word_1_142' title='bbox 1604 1646 1836 1705; x_wconf 89' lang='lat' dir='ltr'>Paucae</span> <span class='ocrx_word' id='word_1_143' title='bbox 1890 1647 2041 1705; x_wconf 92' lang='lat' dir='ltr'>enim</span> <span class='ocrx_word' id='word_1_144' title='bbox 2091 1648 2179 1705; x_wconf 88' lang='lat' dir='ltr'>his</span> <span class='ocrx_word' id='word_1_145' title='bbox 2241 1647 2418 1706; x_wconf 91' lang='lat' dir='ltr'>editis</span> 
     </span>
     <span class='ocr_line' id='line_1_20' title="bbox 406 1723 2413 1797; baseline 0 -17"><span class='ocrx_word' id='word_1_146' title='bbox 406 1723 570 1781; x_wconf 91' lang='lat' dir='ltr'>libris</span> <span class='ocrx_word' id='word_1_147' title='bbox 610 1725 882 1797; x_wconf 88' lang='lat' dir='ltr'>propriae</span> <span class='ocrx_word' id='word_1_148' title='bbox 922 1729 1057 1782; x_wconf 91' lang='lat' dir='ltr'>sunt</span> <span class='ocrx_word' id='word_1_149' title='bbox 1094 1724 1401 1794; x_wconf 82' lang='lat' dir='ltr'>lectiones3</span> <span class='ocrx_word' id='word_1_150' title='bbox 1445 1729 1504 1780; x_wconf 89' lang='lat' dir='ltr'>et</span> <span class='ocrx_word' id='word_1_151' title='bbox 1544 1739 1693 1795; x_wconf 90' lang='lat' dir='ltr'>quae</span> <span class='ocrx_word' id='word_1_152' title='bbox 1732 1724 1807 1783; x_wconf 94' lang='lat' dir='ltr'>in</span> <span class='ocrx_word' id='word_1_153' title='bbox 1835 1739 1904 1783; x_wconf 89' lang='lat' dir='ltr'>eo</span> <span class='ocrx_word' id='word_1_154' title='bbox 1943 1740 2182 1783; x_wconf 89' lang='lat' dir='ltr'>numero</span> <span class='ocrx_word' id='word_1_155' title='bbox 2222 1723 2413 1782; x_wconf 89' lang='lat' dir='ltr'>bonae</span> 
     </span>
     <span class='ocr_line' id='line_1_21' title="bbox 408 1796 2418 1889; baseline 0 -32"><span class='ocrx_word' id='word_1_156' title='bbox 408 1805 543 1858; x_wconf 88' lang='lat' dir='ltr'>sunt</span> <span class='ocrx_word' id='word_1_157' title='bbox 582 1807 642 1858; x_wconf 89' lang='lat' dir='ltr'>et</span> <span class='ocrx_word' id='word_1_158' title='bbox 679 1805 845 1859; x_wconf 85' lang='lat' dir='ltr'>textu</span> <span class='ocrx_word' id='word_1_159' title='bbox 884 1799 1121 1889; x_wconf 79' lang='lat' dir='ltr'>dignae,</span> <span class='ocrx_word' id='word_1_160' title='bbox 1176 1816 1375 1857; x_wconf 90' lang='lat' dir='ltr'>earum</span> <span class='ocrx_word' id='word_1_161' title='bbox 1416 1796 1607 1871; x_wconf 89' lang='lat' dir='ltr'>quoad</span> <span class='ocrx_word' id='word_1_162' title='bbox 1646 1797 1833 1859; x_wconf 88' lang='lat' dir='ltr'>fontes</span> <span class='ocrx_word' id='word_1_163' title='bbox 1885 1800 2250 1872; x_wconf 77' lang='lat' dir='ltr'>ignoramuS,</span> <span class='ocrx_word' id='word_1_164' title='bbox 2302 1817 2418 1860; x_wconf 93' lang='lat' dir='ltr'>non</span> 
     </span>
     <span class='ocr_line' id='line_1_22' title="bbox 406 1875 2416 1949; baseline 0 -14"><span class='ocrx_word' id='word_1_165' title='bbox 406 1878 493 1936; x_wconf 90' lang='lat' dir='ltr'>ita</span> <span class='ocrx_word' id='word_1_166' title='bbox 552 1878 743 1949; x_wconf 81' lang='lat' dir='ltr'>gravis</span> <span class='ocrx_word' id='word_1_167' title='bbox 795 1877 1110 1936; x_wconf 87' lang='lat' dir='ltr'>auctoritas</span> <span class='ocrx_word' id='word_1_168' title='bbox 1172 1892 1301 1934; x_wconf 86' lang='lat' dir='ltr'>esse</span> <span class='ocrx_word' id='word_1_169' title='bbox 1364 1881 1585 1948; x_wconf 83' lang='lat' dir='ltr'>potest3</span> <span class='ocrx_word' id='word_1_170' title='bbox 1645 1892 1820 1947; x_wconf 90' lang='lat' dir='ltr'>quum</span> <span class='ocrx_word' id='word_1_171' title='bbox 1870 1876 2099 1935; x_wconf 91' lang='lat' dir='ltr'>codices</span> <span class='ocrx_word' id='word_1_172' title='bbox 2160 1875 2416 1949; x_wconf 91' lang='lat' dir='ltr'>quidam,</span> 
     </span>
     <span class='ocr_line' id='line_1_23' title="bbox 408 1952 2417 2028; baseline 0 -16"><span class='ocrx_word' id='word_1_173' title='bbox 408 1955 722 2028; x_wconf 91' lang='lat' dir='ltr'>praecipue</span> <span class='ocrx_word' id='word_1_174' title='bbox 761 1953 1018 2013; x_wconf 90' lang='lat' dir='ltr'>Venetus</span> <span class='ocrx_word' id='word_1_175' title='bbox 1057 1953 1186 2026; x_wconf 91' lang='lat' dir='ltr'>ille,</span> <span class='ocrx_word' id='word_1_176' title='bbox 1225 1959 1468 2027; x_wconf 90' lang='lat' dir='ltr'>propter</span> <span class='ocrx_word' id='word_1_177' title='bbox 1507 1952 1841 2013; x_wconf 90' lang='lat' dir='ltr'>testimonia</span> <span class='ocrx_word' id='word_1_178' title='bbox 1881 1953 2240 2014; x_wconf 88' lang='lat' dir='ltr'>Scholiorum</span> <span class='ocrx_word' id='word_1_179' title='bbox 2292 1954 2417 2028; x_wconf 88' lang='lat' dir='ltr'>ple-</span> 
     </span>
     <span class='ocr_line' id='line_1_24' title="bbox 408 2028 2417 2102; baseline 0.001 -14"><span class='ocrx_word' id='word_1_180' title='bbox 408 2047 650 2102; x_wconf 89' lang='lat' dir='ltr'>rumque</span> <span class='ocrx_word' id='word_1_181' title='bbox 690 2032 864 2090; x_wconf 91' lang='lat' dir='ltr'>etiam</span> <span class='ocrx_word' id='word_1_182' title='bbox 903 2031 983 2089; x_wconf 92' lang='lat' dir='ltr'>ibi</span> <span class='ocrx_word' id='word_1_183' title='bbox 1022 2035 1353 2089; x_wconf 88' lang='lat' dir='ltr'>mereantur</span> <span class='ocrx_word' id='word_1_184' title='bbox 1390 2028 1563 2088; x_wconf 91' lang='lat' dir='ltr'>fidem</span> <span class='ocrx_word' id='word_1_185' title='bbox 1578 2074 1594 2102; x_wconf 92' lang='lat'>,</span> <span class='ocrx_word' id='word_1_186' title='bbox 1635 2030 1735 2089; x_wconf 92' lang='lat' dir='ltr'>ubi</span> <span class='ocrx_word' id='word_1_187' title='bbox 1773 2037 2098 2091; x_wconf 91' lang='lat' dir='ltr'>ceterorum</span> <span class='ocrx_word' id='word_1_188' title='bbox 2137 2031 2417 2090; x_wconf 89' lang='lat' dir='ltr'>librorum</span> 
     </span>
     <span class='ocr_line' id='line_1_25' title="bbox 410 2107 2418 2181; baseline 0 -15"><span class='ocrx_word' id='word_1_189' title='bbox 410 2124 721 2167; x_wconf 89' lang='lat' dir='ltr'>consensus</span> <span class='ocrx_word' id='word_1_190' title='bbox 761 2124 876 2168; x_wconf 93' lang='lat' dir='ltr'>non</span> <span class='ocrx_word' id='word_1_191' title='bbox 925 2107 1169 2166; x_wconf 90' lang='lat' dir='ltr'>accedit.</span> <span class='ocrx_word' id='word_1_192' title='bbox 1253 2107 1382 2179; x_wconf 82' lang='lat' dir='ltr'>Qua</span> <span class='ocrx_word' id='word_1_193' title='bbox 1428 2107 1489 2165; x_wconf 92' lang='lat' dir='ltr'>in</span> <span class='ocrx_word' id='word_1_194' title='bbox 1538 2121 1604 2164; x_wconf 89' lang='lat' dir='ltr'>re</span> <span class='ocrx_word' id='word_1_195' title='bbox 1653 2123 1832 2181; x_wconf 90' lang='lat' dir='ltr'>saepe</span> <span class='ocrx_word' id='word_1_196' title='bbox 1882 2108 2024 2167; x_wconf 90' lang='lat' dir='ltr'>mihi</span> <span class='ocrx_word' id='word_1_197' title='bbox 2075 2125 2185 2166; x_wconf 91' lang='lat' dir='ltr'>usu</span> <span class='ocrx_word' id='word_1_198' title='bbox 2241 2109 2418 2180; x_wconf 88' lang='lat' dir='ltr'>venit,</span> 
     </span>
     <span class='ocr_line' id='line_1_26' title="bbox 411 2183 2418 2257; baseline 0 -15"><span class='ocrx_word' id='word_1_199' title='bbox 411 2189 478 2242; x_wconf 94' lang='lat' dir='ltr'>ut</span> <span class='ocrx_word' id='word_1_200' title='bbox 536 2184 707 2257; x_wconf 84' lang='lat' dir='ltr'>longo</span> <span class='ocrx_word' id='word_1_201' title='bbox 766 2184 1010 2243; x_wconf 90' lang='lat' dir='ltr'>circuitu</span> <span class='ocrx_word' id='word_1_202' title='bbox 1069 2184 1434 2257; x_wconf 87' lang='lat' dir='ltr'>pervenirem</span> <span class='ocrx_word' id='word_1_203' title='bbox 1494 2183 1570 2242; x_wconf 89' lang='lat' dir='ltr'>ad</span> <span class='ocrx_word' id='word_1_204' title='bbox 1632 2199 1731 2242; x_wconf 87' lang='lat' dir='ltr'>eas</span> <span class='ocrx_word' id='word_1_205' title='bbox 1793 2184 2208 2256; x_wconf 80' lang='lat' dir='ltr'>correctioneS,</span> <span class='ocrx_word' id='word_1_206' title='bbox 2271 2200 2418 2256; x_wconf 89' lang='lat' dir='ltr'>quas</span> 
     </span>
     <span class='ocr_line' id='line_1_27' title="bbox 415 2257 2419 2334; baseline 0 -15"><span class='ocrx_word' id='word_1_207' title='bbox 415 2261 607 2319; x_wconf 86' lang='lat' dir='ltr'>eximii</span> <span class='ocrx_word' id='word_1_208' title='bbox 646 2260 781 2319; x_wconf 89' lang='lat' dir='ltr'>libri</span> <span class='ocrx_word' id='word_1_209' title='bbox 819 2261 1040 2334; x_wconf 90' lang='lat' dir='ltr'>primus</span> <span class='ocrx_word' id='word_1_210' title='bbox 1081 2260 1393 2334; x_wconf 86' lang='lat' dir='ltr'>adspectus</span> <span class='ocrx_word' id='word_1_211' title='bbox 1432 2257 1650 2319; x_wconf 81' lang='lat' dir='ltr'>frustra</span> <span class='ocrx_word' id='word_1_212' title='bbox 1689 2261 1998 2321; x_wconf 89' lang='lat' dir='ltr'>obtulerat.</span> <span class='ocrx_word' id='word_1_213' title='bbox 2077 2261 2229 2320; x_wconf 86' lang='lat' dir='ltr'>Nam</span> <span class='ocrx_word' id='word_1_214' title='bbox 2269 2277 2419 2333; x_wconf 90' lang='lat' dir='ltr'>quae</span> 
     </span>
     <span class='ocr_line' id='line_1_28' title="bbox 411 2337 2420 2410; baseline 0 -14"><span class='ocrx_word' id='word_1_215' title='bbox 411 2353 625 2410; x_wconf 80' lang='lat' dir='ltr'>magna</span> <span class='ocrx_word' id='word_1_216' title='bbox 675 2343 766 2396; x_wconf 90' lang='lat' dir='ltr'>est</span> <span class='ocrx_word' id='word_1_217' title='bbox 813 2337 983 2396; x_wconf 87' lang='lat' dir='ltr'>huius</span> <span class='ocrx_word' id='word_1_218' title='bbox 1035 2339 1151 2396; x_wconf 90' lang='lat' dir='ltr'>mei</span> <span class='ocrx_word' id='word_1_219' title='bbox 1202 2353 1272 2396; x_wconf 86' lang='lat' dir='ltr'>ac</span> <span class='ocrx_word' id='word_1_220' title='bbox 1311 2337 1520 2397; x_wconf 91' lang='lat' dir='ltr'>Veneti</span> <span class='ocrx_word' id='word_1_221' title='bbox 1570 2341 1764 2396; x_wconf 85' lang='lat' dir='ltr'>textus</span> <span class='ocrx_word' id='word_1_222' title='bbox 1811 2338 2240 2409; x_wconf 86' lang='lat' dir='ltr'>convenientia,</span> <span class='ocrx_word' id='word_1_223' title='bbox 2292 2353 2420 2396; x_wconf 90' lang='lat' dir='ltr'>eam</span> 
     </span>
     <span class='ocr_line' id='line_1_29' title="bbox 415 2413 2420 2487; baseline 0 -16"><span class='ocrx_word' id='word_1_224' title='bbox 415 2420 623 2487; x_wconf 89' lang='lat' dir='ltr'>sponte</span> <span class='ocrx_word' id='word_1_225' title='bbox 662 2420 859 2473; x_wconf 88' lang='lat' dir='ltr'>natam</span> <span class='ocrx_word' id='word_1_226' title='bbox 898 2414 1096 2487; x_wconf 90' lang='lat' dir='ltr'>habui,</span> <span class='ocrx_word' id='word_1_227' title='bbox 1135 2431 1250 2474; x_wconf 92' lang='lat' dir='ltr'>non</span> <span class='ocrx_word' id='word_1_228' title='bbox 1290 2413 1567 2487; x_wconf 86' lang='lat' dir='ltr'>quaesivi.</span> <span class='ocrx_word' id='word_1_229' title='bbox 1650 2414 1933 2486; x_wconf 79' lang='lat' dir='ltr'>Quoniam</span> <span class='ocrx_word' id='word_1_230' title='bbox 1976 2415 2129 2472; x_wconf 90' lang='lat' dir='ltr'>enim</span> <span class='ocrx_word' id='word_1_231' title='bbox 2166 2430 2258 2472; x_wconf 92' lang='lat' dir='ltr'>me</span> <span class='ocrx_word' id='word_1_232' title='bbox 2288 2430 2420 2473; x_wconf 94' lang='lat' dir='ltr'>con-</span> 
     </span>
     <span class='ocr_line' id='line_1_30' title="bbox 410 2490 2420 2563; baseline 0.001 -15"><span class='ocrx_word' id='word_1_233' title='bbox 410 2496 635 2549; x_wconf 90' lang='lat' dir='ltr'>stanter</span> <span class='ocrx_word' id='word_1_234' title='bbox 674 2491 749 2550; x_wconf 91' lang='lat' dir='ltr'>ad</span> <span class='ocrx_word' id='word_1_235' title='bbox 787 2490 960 2550; x_wconf 89' lang='lat' dir='ltr'>fidem</span> <span class='ocrx_word' id='word_1_236' title='bbox 1000 2497 1253 2550; x_wconf 86' lang='lat' dir='ltr'>test-atae</span> <span class='ocrx_word' id='word_1_237' title='bbox 1292 2491 1656 2562; x_wconf 86' lang='lat' dir='ltr'>antiquitatis</span> <span class='ocrx_word' id='word_1_238' title='bbox 1697 2491 2051 2550; x_wconf 86' lang='lat' dir='ltr'>contuleram</span> <span class='ocrx_word' id='word_1_239' title='bbox 2066 2535 2081 2563; x_wconf 94' lang='lat'>,</span> <span class='ocrx_word' id='word_1_240' title='bbox 2131 2491 2278 2549; x_wconf 87' lang='lat' dir='ltr'>nihil</span> <span class='ocrx_word' id='word_1_241' title='bbox 2316 2490 2420 2550; x_wconf 89' lang='lat' dir='ltr'>tri-</span> 
     </span>
     <span class='ocr_line' id='line_1_31' title="bbox 411 2567 2420 2641; baseline 0.001 -17"><span class='ocrx_word' id='word_1_242' title='bbox 411 2567 592 2626; x_wconf 92' lang='lat' dir='ltr'>buens</span> <span class='ocrx_word' id='word_1_243' title='bbox 647 2568 873 2641; x_wconf 84' lang='lat' dir='ltr'>vulgari</span> <span class='ocrx_word' id='word_1_244' title='bbox 911 2568 1154 2640; x_wconf 88' lang='lat' dir='ltr'>levitati,</span> <span class='ocrx_word' id='word_1_245' title='bbox 1195 2582 1344 2639; x_wconf 90' lang='lat' dir='ltr'>quae</span> <span class='ocrx_word' id='word_1_246' title='bbox 1386 2567 1522 2625; x_wconf 90' lang='lat' dir='ltr'>dum</span> <span class='ocrx_word' id='word_1_247' title='bbox 1573 2567 1896 2640; x_wconf 88' lang='lat' dir='ltr'>scripturae</span> <span class='ocrx_word' id='word_1_248' title='bbox 1946 2569 2251 2626; x_wconf 89' lang='lat' dir='ltr'>veritatem</span> <span class='ocrx_word' id='word_1_249' title='bbox 2306 2568 2420 2626; x_wconf 90' lang='lat' dir='ltr'>ele·</span> 
     </span>
     <span class='ocr_line' id='line_1_32' title="bbox 413 2643 2417 2718; baseline 0.001 -17"><span class='ocrx_word' id='word_1_250' title='bbox 413 2645 612 2715; x_wconf 87' lang='lat' dir='ltr'>gantia</span> <span class='ocrx_word' id='word_1_251' title='bbox 651 2645 743 2703; x_wconf 88' lang='lat' dir='ltr'>vel</span> <span class='ocrx_word' id='word_1_252' title='bbox 781 2645 956 2703; x_wconf 89' lang='lat' dir='ltr'>simili</span> <span class='ocrx_word' id='word_1_253' title='bbox 994 2645 1189 2718; x_wconf 91' lang='lat' dir='ltr'>specie</span> <span class='ocrx_word' id='word_1_254' title='bbox 1229 2645 1484 2715; x_wconf 90' lang='lat' dir='ltr'>metitur,</span> <span class='ocrx_word' id='word_1_255' title='bbox 1524 2660 1674 2703; x_wconf 87' lang='lat' dir='ltr'>nova</span> <span class='ocrx_word' id='word_1_256' title='bbox 1714 2650 1774 2703; x_wconf 92' lang='lat' dir='ltr'>et</span> <span class='ocrx_word' id='word_1_257' title='bbox 1812 2645 2053 2717; x_wconf 89' lang='lat' dir='ltr'>antiqua</span> <span class='ocrx_word' id='word_1_258' title='bbox 2090 2643 2219 2702; x_wconf 89' lang='lat' dir='ltr'>fere</span> <span class='ocrx_word' id='word_1_259' title='bbox 2257 2644 2417 2703; x_wconf 90' lang='lat' dir='ltr'>nullo</span> 
     </span>
     <span class='ocr_line' id='line_1_33' title="bbox 413 2719 2418 2795; baseline 0 -17"><span class='ocrx_word' id='word_1_260' title='bbox 413 2719 741 2780; x_wconf 89' lang='lat' dir='ltr'>discrimine</span> <span class='ocrx_word' id='word_1_261' title='bbox 780 2722 1013 2794; x_wconf 75' lang='lat' dir='ltr'>arripit,</span> <span class='ocrx_word' id='word_1_262' title='bbox 1054 2722 1230 2779; x_wconf 89' lang='lat' dir='ltr'>etiam</span> <span class='ocrx_word' id='word_1_263' title='bbox 1268 2720 1560 2794; x_wconf 87' lang='lat' dir='ltr'>principes</span> <span class='ocrx_word' id='word_1_264' title='bbox 1601 2720 1884 2780; x_wconf 91' lang='lat' dir='ltr'>editiones</span> <span class='ocrx_word' id='word_1_265' title='bbox 1922 2737 2165 2795; x_wconf 87' lang='lat' dir='ltr'>perraro</span> <span class='ocrx_word' id='word_1_266' title='bbox 2185 2765 2200 2793; x_wconf 92' lang='lat'>,</span> <span class='ocrx_word' id='word_1_267' title='bbox 2245 2726 2306 2778; x_wconf 92' lang='lat' dir='ltr'>et</span> <span class='ocrx_word' id='word_1_268' title='bbox 2343 2736 2418 2779; x_wconf 92' lang='lat' dir='ltr'>ne</span> 
     </span>
    </p>

    <p class='ocr_par' dir='ltr' id='par_1_6' title="bbox 315 2795 2422 3255">
     <span class='ocr_line' id='line_1_34' title="bbox 336 2795 2417 2871; baseline -0.001 -13"><span class='ocrx_word' id='word_1_269' title='bbox 336 2819 386 2858; x_wconf 82' lang='lat'>19</span> <span class='ocrx_word' id='word_1_270' title='bbox 412 2798 699 2857; x_wconf 91' lang='lat' dir='ltr'>Venetum</span> <span class='ocrx_word' id='word_1_271' title='bbox 738 2797 973 2871; x_wconf 91' lang='lat' dir='ltr'>quidem</span> <span class='ocrx_word' id='word_1_272' title='bbox 1012 2797 1269 2857; x_wconf 91' lang='lat' dir='ltr'>codicem</span> <span class='ocrx_word' id='word_1_273' title='bbox 1307 2813 1496 2870; x_wconf 90' lang='lat' dir='ltr'>neque</span> <span class='ocrx_word' id='word_1_274' title='bbox 1521 2797 1894 2856; x_wconf 88' lang='lat' dir='ltr'>Eustathium</span> <span class='ocrx_word' id='word_1_275' title='bbox 1919 2798 2031 2856; x_wconf 93' lang='lat' dir='ltr'>nisi</span> <span class='ocrx_word' id='word_1_276' title='bbox 2060 2797 2133 2855; x_wconf 92' lang='lat' dir='ltr'>de</span> <span class='ocrx_word' id='word_1_277' title='bbox 2158 2795 2417 2856; x_wconf 89' lang='lat' dir='ltr'>fontibus</span> 
     </span>
     <span class='ocr_line' id='line_1_35' title="bbox 315 2872 2419 2947; baseline -0.002 -11"><span class='ocrx_word' id='word_1_278' title='bbox 315 2928 323 2936; x_wconf 86' lang='lat'><strong>.</strong></span> <span class='ocrx_word' id='word_1_279' title='bbox 413 2875 531 2933; x_wconf 89' lang='lat' dir='ltr'>suis</span> <span class='ocrx_word' id='word_1_280' title='bbox 595 2881 924 2947; x_wconf 75' lang='lat' dir='ltr'>monenteS,</span> <span class='ocrx_word' id='word_1_281' title='bbox 975 2874 1294 2934; x_wconf 89' lang='lat' dir='ltr'>audiendos</span> <span class='ocrx_word' id='word_1_282' title='bbox 1348 2889 1476 2932; x_wconf 91' lang='lat' dir='ltr'>esse</span> <span class='ocrx_word' id='word_1_283' title='bbox 1526 2872 1681 2932; x_wconf 83' lang='lat' dir='ltr'>duxi.</span> <span class='ocrx_word' id='word_1_284' title='bbox 1779 2875 1984 2947; x_wconf 88' lang='lat' dir='ltr'>Itaque</span> <span class='ocrx_word' id='word_1_285' title='bbox 2036 2873 2088 2933; x_wconf 91' lang='lat' dir='ltr'>si</span> <span class='ocrx_word' id='word_1_286' title='bbox 2135 2874 2197 2932; x_wconf 93' lang='lat' dir='ltr'>in</span> <span class='ocrx_word' id='word_1_287' title='bbox 2246 2873 2419 2932; x_wconf 88' lang='lat' dir='ltr'>huius</span> 
     </span>
     <span class='ocr_line' id='line_1_36' title="bbox 412 2950 2417 3023; baseline 0 -14"><span class='ocrx_word' id='word_1_288' title='bbox 412 2950 801 3010; x_wconf 88' lang='lat' dir='ltr'>verbosissimi</span> <span class='ocrx_word' id='word_1_289' title='bbox 840 2951 1087 3011; x_wconf 88' lang='lat' dir='ltr'>hominis</span> <span class='ocrx_word' id='word_1_290' title='bbox 1130 2951 1511 3011; x_wconf 90' lang='lat' dir='ltr'>voluminibus</span> <span class='ocrx_word' id='word_1_291' title='bbox 1552 2950 1695 3009; x_wconf 89' lang='lat' dir='ltr'>nihil</span> <span class='ocrx_word' id='word_1_292' title='bbox 1735 2950 1895 3009; x_wconf 89' lang='lat' dir='ltr'>aliud</span> <span class='ocrx_word' id='word_1_293' title='bbox 1923 2967 2094 3023; x_wconf 90' lang='lat' dir='ltr'>quam</span> <span class='ocrx_word' id='word_1_294' title='bbox 2125 2950 2417 3010; x_wconf 85' lang='lat' dir='ltr'>variantes</span> 
     </span>
     <span class='ocr_line' id='line_1_37' title="bbox 411 3027 2417 3101; baseline -0 -15"><span class='ocrx_word' id='word_1_295' title='bbox 411 3028 688 3087; x_wconf 91' lang='lat' dir='ltr'>lectiones</span> <span class='ocrx_word' id='word_1_296' title='bbox 729 3028 1082 3100; x_wconf 84' lang='lat' dir='ltr'>quaesissem</span> <span class='ocrx_word' id='word_1_297' title='bbox 1097 3072 1111 3100; x_wconf 93' lang='lat'>,</span> <span class='ocrx_word' id='word_1_298' title='bbox 1153 3043 1326 3100; x_wconf 90' lang='lat' dir='ltr'>quum</span> <span class='ocrx_word' id='word_1_299' title='bbox 1368 3043 1441 3085; x_wconf 85' lang='lat' dir='ltr'>ex</span> <span class='ocrx_word' id='word_1_300' title='bbox 1478 3028 1569 3099; x_wconf 86' lang='lat' dir='ltr'>iis,</span> <span class='ocrx_word' id='word_1_301' title='bbox 1610 3043 1760 3100; x_wconf 89' lang='lat' dir='ltr'>quae</span> <span class='ocrx_word' id='word_1_302' title='bbox 1798 3028 1912 3100; x_wconf 88' lang='lat' dir='ltr'>ipsi</span> <span class='ocrx_word' id='word_1_303' title='bbox 1951 3027 2222 3101; x_wconf 86' lang='lat' dir='ltr'>propriae</span> <span class='ocrx_word' id='word_1_304' title='bbox 2266 3032 2417 3099; x_wconf 89' lang='lat' dir='ltr'>sunt,</span> 
     </span>
     <span class='ocr_line' id='line_1_38' title="bbox 412 3103 2422 3178; baseline -0 -16"><span class='ocrx_word' id='word_1_305' title='bbox 412 3105 788 3177; x_wconf 85' lang='lat' dir='ltr'>paucissimas</span> <span class='ocrx_word' id='word_1_306' title='bbox 828 3105 1169 3178; x_wconf 83' lang='lat' dir='ltr'>receperim,</span> <span class='ocrx_word' id='word_1_307' title='bbox 1208 3104 1442 3162; x_wconf 89' lang='lat' dir='ltr'>minima</span> <span class='ocrx_word' id='word_1_308' title='bbox 1473 3120 1610 3178; x_wconf 87' lang='lat' dir='ltr'>pars</span> <span class='ocrx_word' id='word_1_309' title='bbox 1640 3103 2058 3163; x_wconf 86' lang='lat' dir='ltr'>emendationis</span> <span class='ocrx_word' id='word_1_310' title='bbox 2083 3118 2250 3163; x_wconf 87' lang='lat' dir='ltr'>meae</span> <span class='ocrx_word' id='word_1_311' title='bbox 2276 3103 2422 3162; x_wconf 89' lang='lat' dir='ltr'>mihi</span> 
     </span>
     <span class='ocr_line' id='line_1_39' title="bbox 413 3180 2224 3255; baseline 0 -16"><span class='ocrx_word' id='word_1_312' title='bbox 413 3182 658 3241; x_wconf 84' lang='lat' dir='ltr'>maximo</span> <span class='ocrx_word' id='word_1_313' title='bbox 698 3181 897 3241; x_wconf 89' lang='lat' dir='ltr'>taedio</span> <span class='ocrx_word' id='word_1_314' title='bbox 940 3187 1000 3240; x_wconf 88' lang='lat' dir='ltr'>et</span> <span class='ocrx_word' id='word_1_315' title='bbox 1039 3180 1342 3255; x_wconf 85' lang='lat' dir='ltr'>dispendio</span> <span class='ocrx_word' id='word_1_316' title='bbox 1383 3180 1660 3253; x_wconf 87' lang='lat' dir='ltr'>temporis</span> <span class='ocrx_word' id='word_1_317' title='bbox 1699 3180 2039 3240; x_wconf 86' lang='lat' dir='ltr'>redimenda</span> <span class='ocrx_word' id='word_1_318' title='bbox 2079 3186 2224 3240; x_wconf 84' lang='lat' dir='ltr'>erat.</span> 
     </span>
    </p>
   </div>
  </div>
 </body>
</html>
