2734 4000
1170 196 1527 253 ..89-

344 361 464 419 que
501 346 654 405 ullus
693 350 862 405 vetus
901 349 1106 406 auctor
1129 343 1300 403 huius
1325 343 1825 417 interpretationis
1853 349 2128 404 exstaret.
2176 344 2353 404 Nam-
2380 350 2456 392 1⁴⁸

344 438 465 496 que
512 423 937 496 ineptissimum
987 423 1066 481 sit
1122 421 1268 480 illud
1328 422 1752 495 argumentari,
1812 421 1967 494 quod
2014 438 2130 482 non
2179 422 2353 495 vulgo

349 500 663 572 veteribus,
714 515 889 572 quum
929 498 1004 558 de
1042 499 1287 572 pulchra
1324 499 1741 571 compositione
1778 499 1983 559 horum
2025 498 2354 558 carminum

340 576 720 650 praedicant,
768 576 1111 635 Pisistratus
1148 574 1424 634 laudatur
1460 591 1567 649 pro
1607 575 1880 636 Homero.
1957 574 2252 648 Persaepe
2290 575 2354 634 id

350 653 544 712 evenit
580 654 641 711 in
677 653 923 712 historia
937 697 954 726 ‚
1008 656 1075 711 ut
1112 651 1441 713 tralaticiae
1482 667 1654 711 voces
1691 651 2121 724 redarguantur
2161 650 2352 725 factis,

348 734 411 789 et
461 736 527 788 ut
584 728 784 803 rebuS,
847 746 992 802 quas
1044 745 1211 789 nemo
1251 745 1365 789 non
1404 744 1511 801 pro
1551 728 1705 788 veris
1743 727 1973 800 habuit,
2022 729 2197 801 longe
2236 729 2356 789 alia

339 807 764 880 consequentia
801 807 935 879 sint,
977 822 1148 879 quam
1187 806 1230 863 ii
1269 804 1826 879 animadvertebant,
1867 806 1964 878 qui
1991 806 2122 864 illas
2143 807 2355 865 attule-

346 887 502 941 runt.
597 883 968 955 Ambiguitas
1016 898 1155 942 vero
1169 926 1185 954 ‚
1253 897 1426 955 quam
1472 882 1607 941 huic
1653 883 1927 942 mentioni
1986 881 2352 942 confusorum

342 959 681 1019 Garminum
728 960 920 1019 inesse
958 965 1208 1033 putant,
1258 958 1530 1018 continuo
1592 959 1885 1018 evanescit
1922 960 2352 1033 comparatione

351 1052 548 1096 eorum
588 1037 961 1110 scriptorum,
1014 1037 1113 1109 qui
1162 1052 1287 1094 rem
1323 1035 1522 1109 paullo
1562 1036 1735 1094 aliter
1771 1042 2067 1095 narratam
2104 1036 2353 1109 relique-

342 1119 483 1171 runt
500 1158 516 1185 ,
564 1113 796 1187 Iosephi
849 1119 911 1172 et
956 1111 1216 1185 Aeliani,
1268 1128 1373 1170 seu
1420 1113 1614 1185 potius
1655 1113 2085 1187 comparatione
2124 1113 2353 1173 illorum

344 1190 614 1249 omnium.
696 1189 970 1263 collecta,
1010 1206 1126 1249 non
1162 1188 1476 1248 recollecta
1518 1188 1809 1259 Carmina,
1847 1195 1908 1248 et
1946 1189 2229 1248 adscitam
2259 1206 2351 1249 ar·
2376 1206 2524 1227 “vm
2545 1206 2554 1215 ’
2575 1193 2589 1219 ³

332 1272 466 1324 tem
505 1257 2337 1346 composW
937 1267 2348 1346 ²zmncrucosu01·evocata111,1n'iseum
2383 1258 2484 1338 ἐς
2501 1286 2514 1301 .
2527 1290 2550 1301 »-

345 1340 517 1401 nibus
555 1348 813 1417 reperiet
849 1359 1072 1402 mecum
1111 1358 1523 1416 unusquisque,
1574 1343 1675 1416 qui
1712 1343 1883 1403 modo
1924 1348 2152 1402 attente
2189 1344 2349 1416 lege-

336 1420 446 1491 rit,
485 1435 673 1492 neque
712 1419 1035 1494 cupiditate
1063 1426 1124 1478 et
1148 1425 1371 1479 temere
1398 1419 1584 1493 captis
1612 1420 1974 1494 opinionibus
2005 1425 2348 1480 occaecatus

346 1496 599 1555 libenter
636 1504 836 1556 careat
873 1496 1003 1555 luce
1043 1496 1326 1555 veritatis.

420 1594 427 1607 ·
500 1571 683 1646 Atqui
719 1574 889 1632 huius
928 1572 1118 1632 famae
1157 1573 1554 1643 constantiam,
1598 1572 1758 1631 cuius
1798 1574 1890 1632 vel
1930 1574 2046 1632 ista
2084 1577 2176 1633 tot
2194 1573 2343 1632 indi-

336 1650 439 1708 eia
477 1651 620 1708 satis
661 1650 872 1709 mirere
900 1666 972 1709 ex
995 1650 1067 1708 iis
1094 1649 1470 1723 temporibus,
1510 1649 1716 1721 quibus
1745 1649 1960 1708 dudum
1986 1667 2135 1709 nova
2159 1649 2346 1709 forma

341 1726 546 1785 horum
588 1726 916 1785 Carminum
954 1727 1306 1798 invaluerat3
1345 1725 1521 1799 idque
1548 1731 1669 1784 tum
1697 1726 1853 1799 apud
1883 1726 2137 1786 Graecos
2157 1728 2349 1800 potuit

342 1801 468 1861 fieri
507 1804 661 1863 intra
701 1804 846 1863 duas
886 1809 1079 1862 tresve
1120 1809 1375 1874 aetates3
1418 1802 1541 1861 eius
1571 1819 1711 1875 ergo
1750 1800 1939 1862 famae
1969 1804 2348 1862 constantiam

336 1895 415 1938 ne
454 1886 807 1953 postremum
847 1880 1082 1954 quidem
1121 1895 1326 1938 aevum
1363 1879 1596 1953 penitus
1635 1879 1980 1939 obscuravit.
2058 1880 2349 1939 Notabilis

342 1971 416 2016 ex
454 1957 564 2016 hoc
602 1973 817 2030 genere
856 1958 1113 2017 narratio
1143 1961 1234 2016 est
1259 1957 1319 2015 in
1348 1956 1593 2016 Scholiis
1620 1955 2021 2031 Lipsiensibus
2050 1963 2111 2016 et
2133 1957 2347 2017 Eusta-

332 2034 464 2093 thio
476 2034 549 2104 Β),
586 2032 905 2093 Δολώνειαν
945 2035 982 2092 i.
1013 2052 1064 2093 e.
1104 2034 1477 2108 rhapsodiam
1502 2034 1560 2092 X
1584 2034 1802 2094 Iliados
1844 2034 1917 2093 ab
1945 2034 2199 2094 Homero
2237 2052 2346 2108 pro
2374 2043 2449 2082 14⁷

332 2111 625 2184 singulari
664 2112 943 2185 opusculo
980 2110 1195 2169 factam
1237 2127 1387 2183 esse,
1428 2127 1465 2169 a
1487 2109 1799 2170 Pisistrato
1827 2117 2023 2170 autem
2048 2117 2345 2184 receptam

343 2187 405 2244 in
443 2188 843 2248 collectionem
885 2189 1143 2261 corporis
1186 2188 1294 2246 sui.
1373 2187 1442 2245 In
1480 2187 1681 2260 primis
1722 2204 1860 2247 vero
1899 2188 2012 2246 buc
2051 2188 2346 2261 pertinent

344 2263 599 2322 absurda
637 2270 960 2324 commenta
988 2263 1524 2335 Grammaticorum,
1565 2264 1665 2336 qui
1705 2280 1900 2323 curam
1928 2264 2221 2323 Pisistrati
2249 2281 2345 2323 ex-

340 2340 562 2414 plicare
588 2342 800 2413 conati,
828 2358 1000 2413 quum
1027 2341 1251 2416 priscos
1278 2356 1469 2399 mores
1489 2341 1796 2413 nescirent,
1825 2340 1900 2399 ad
1922 2347 2223 2414 corruptos
2249 2358 2345 2399 ru-

337 2434 530 2477 mores
591 2422 651 2476 et
687 2419 984 2492 proprium
1024 2418 1316 2490 ingenium
1356 2415 1754 2490 confugerunt.
1833 2417 2027 2475 Animi
2067 2434 2246 2477 causa
2284 2420 2345 2477 in

334 2493 450 2552 ,hac
488 2494 605 2553 ima
644 2496 861 2568 pagina
899 2495 1088 2568 ipsum
1137 2495 1327 2554 locum
1366 2492 1519 2552 dabo
1558 2493 1859 2553 Diomedis
1899 2493 2225 2567 cuiusdam,
2278 2500 2345 2553 ut

340 2585 472 2628 eum
510 2570 757 2644 primum
795 2571 1047 2631 Allatius
1089 2577 1149 2631 et
1186 2586 1376 2643 nuper
1414 2570 1784 2629 Villoisonius
1814 2588 1848 2629 e
1873 2570 2047 2630 MSS.
2076 2570 2259 2629 edidit
2273 2571 2370 2642 ⁹).-

474 2782 521 2847 8)
566 2782 721 2837 Eust.
757 2798 811 2849 p.
834 2784 954 2838 785.
991 2786 1074 2837 41.
1145 2778 1312 2835 Φασὶν
1351 2783 1402 2835 οἱ
1437 2782 1669 2846 παλαιοὶ,
1706 2784 1805 2853 τὴν
1830 2783 2115 2854 ῥαψῳδίαν
2136 2783 2339 2854 ταύτην

331 2851 433 2918 ὑφ’
463 2849 693 2921 Ὁμήρου
748 2852 855 2922 ἰδίᾳ
891 2853 1028 2904 τετά
1065 2852 1188 2913 θαι,
1246 2849 1334 2903 καὶ
1386 2852 1462 2921 μὴ
1511 2851 1938 2920 ἐγκαταλεγῆναι
1992 2853 2107 2911 τοῖς
2141 2853 2343 2921 μέρεσι

335 2923 433 2989 τῆς
466 2916 697 2981 Ἰλιάδος,
737 2919 838 2973 ὑπὸ
875 2920 936 2972 δὲ
974 2868 1377 2989 Πέισιστράτου
1414 2920 1682 2990 τετάχθαι
1719 2920 1798 2979 εἷς
1833 2921 1932 2990 τὴν
1973 2920 2197 2989 ποίησιν.

476 3004 522 3069 9)
557 3003 657 3058 Ille
693 3004 728 3057 1.
767 3020 813 3058 c.
849 3020 922 3073 pa
963 3048 975 3058 .
1011 3009 1093 3060 93.
1131 3005 1221 3059 hic
1255 3005 1460 3059 Anecd.
1497 3004 1587 3059 Gr.
1627 3005 1689 3058 T.
1725 3005 1795 3058 11.
1832 3021 1886 3072 p.
1929 3008 2041 3059 182.
2056 3020 2169 3073 sqq.
2229 3003 2341 3057 “Orc

336 3069 397 3123 ἕν
434 3088 538 3124 τινι
565 3073 756 3144 χρόνῳ
793 3074 862 3125 τὰ
942 3074 1122 3144 μὴρου
1158 3074 1434 3143 ποιήματα
1457 3074 1927 3143 παρεφθάρησαν,
1964 3074 1999 3144 ἢ
2026 3075 2128 3126 ὑπὸ
2152 3075 2338 3143 πυρός,

413 3139 516 3192 ὑπὸ
560 3144 823 3205 σεισμοῦ,
871 3143 906 3211 ἢ
955 3142 1057 3194 ὑπὸ
1105 3142 1317 3195 ὑδάτων
1368 3142 1674 3210 ὑποφορᾶς,
1721 3141 1810 3193 καὶ
1844 3141 2189 3211 ἀλᾹῃνᾴᾸᾸως
2223 3147 2336 3193 τῶν

381 3206 565 3272 ιβλίων
613 3209 1127 3263 διασκεδασθέντων
1192 3210 1281 3261 καὶ
1377 3211 1696 3279 θαρέντων,
1758 3209 1993 3279 ὕστερον
2053 3209 2264 3279 εὑρέθη
2309 3211 2341 3261 ὁ

334 3274 435 3338 μὲν
473 3275 611 3348 ἔχων
649 3277 842 3329 ἑκατὸν
881 3278 1097 3349 στίχους
1143 3281 1309 3350 τυχὸν
1387 3278 1679 3348 μηραοός,
1726 3279 1757 3330 ὁ
1793 3278 1855 3330 δὲ
1883 3279 2121 3365 χιλίους,
2176 3274 2342 3337 ἄλλος

340 3343 658 3408 διακοσίους,
727 3342 883 3405 ἄλλος
931 3348 1093 3407 ὅσους
1139 3345 1203 3398 ἃν
1260 3346 1447 3417 ἔτυχε,
1502 3347 1591 3399 καὶ
1626 3346 1819 3410 ἔμελλε
1855 3347 1998 3433 ληθῃ
2039 3345 2336 3415 παραδίδο-

326 3412 466 3465 σθαι
511 3414 545 3483 ἡ
590 3413 814 3484 τοιαύτη
860 3415 1095 3485 ποίησις·
1128 3414 1266 3467 ἀλλὰ
1300 3413 1728 3484 Πεισίστρατος,
1780 3413 2066 3485 Ἀθηναιων
2104 3431 2338 3484 στρατη·
