<?xml version="1.0" encoding="UTF-8"?>
<!DOCTYPE html PUBLIC "-//W3C//DTD XHTML 1.0 Transitional//EN"
    "http://www.w3.org/TR/xhtml1/DTD/xhtml1-transitional.dtd">
<html xmlns="http://www.w3.org/1999/xhtml" xml:lang="en" lang="en">
 <head>
  <title>
</title>
<meta http-equiv="Content-Type" content="text/html;charset=utf-8" />
  <meta name='ocr-system' content='tesseract 3.04.00' />
  <meta name='ocr-capabilities' content='ocr_page ocr_carea ocr_par ocr_line ocrx_word'/>
</head>
<body>
  <div class='ocr_page' id='page_1' title='image "./prolegomenaadho00bekkgoog_0437.png"; bbox 0 0 2734 4000; ppageno 0'>
   <div class='ocr_carea' id='block_1_1' title="bbox 282 229 2515 2733">
    <p class='ocr_par' dir='ltr' id='par_1_1' title="bbox 1115 229 1753 299">
     <span class='ocr_line' id='line_1_1' title="bbox 1115 229 1753 299; baseline 0.002 -18"><span class='ocrx_word' id='word_1_1' title='bbox 1115 256 1182 265; x_wconf 91' lang='lat'>—-</span> <span class='ocrx_word' id='word_1_2' title='bbox 1230 229 1338 283; x_wconf 87' lang='lat'>143</span> <span class='ocrx_word' id='word_1_3' title='bbox 1397 256 1467 266; x_wconf 92' lang='lat'>—</span> <span class='ocrx_word' id='word_1_4' title='bbox 1717 286 1753 299; x_wconf 63' lang='lat'>‚</span> 
     </span>
    </p>

    <p class='ocr_par' dir='ltr' id='par_1_2' title="bbox 282 377 2390 1301">
     <span class='ocr_line' id='line_1_2' title="bbox 292 377 2294 448; baseline -0.001 -10"><span class='ocrx_word' id='word_1_5' title='bbox 292 378 559 446; x_wconf 80' lang='lat' dir='ltr'>Horatii,</span> <span class='ocrx_word' id='word_1_6' title='bbox 609 398 794 434; x_wconf 74' lang='lat' dir='ltr'>versus</span> <span class='ocrx_word' id='word_1_7' title='bbox 834 397 966 448; x_wconf 79' lang='lat' dir='ltr'>quos</span> <span class='ocrx_word' id='word_1_8' title='bbox 1004 379 1262 433; x_wconf 78' lang='lat' dir='ltr'>iudicarit</span> <span class='ocrx_word' id='word_1_9' title='bbox 1303 379 1531 433; x_wconf 81' lang='lat' dir='ltr'><em>Homeri</em></span> <span class='ocrx_word' id='word_1_10' title='bbox 1565 397 1674 432; x_wconf 77' lang='lat' dir='ltr'>non</span> <span class='ocrx_word' id='word_1_11' title='bbox 1714 396 1856 446; x_wconf 74' lang='lat' dir='ltr'>esse,·</span> <span class='ocrx_word' id='word_1_12' title='bbox 1906 392 2094 448; x_wconf 82' lang='lat' dir='ltr'>neque</span> <span class='ocrx_word' id='word_1_13' title='bbox 2136 377 2294 448; x_wconf 84' lang='lat' dir='ltr'>equi-</span> 
     </span>
     <span class='ocr_line' id='line_1_3' title="bbox 287 454 2293 528; baseline -0.001 -14"><span class='ocrx_word' id='word_1_14' title='bbox 287 457 423 515; x_wconf 85' lang='lat' dir='ltr'>dem</span> <span class='ocrx_word' id='word_1_15' title='bbox 464 455 694 527; x_wconf 90' lang='lat' dir='ltr'>dubito,</span> <span class='ocrx_word' id='word_1_16' title='bbox 746 455 890 526; x_wconf 57' lang='lat' dir='ltr'>quin*</span> <span class='ocrx_word' id='word_1_17' title='bbox 934 455 977 511; x_wconf 90' lang='lat' dir='ltr'>ii</span> <span class='ocrx_word' id='word_1_18' title='bbox 1028 454 1276 511; x_wconf 83' lang='lat' dir='ltr'>maxima</span> <span class='ocrx_word' id='word_1_19' title='bbox 1328 470 1400 511; x_wconf 87' lang='lat' dir='ltr'>ex</span> <span class='ocrx_word' id='word_1_20' title='bbox 1452 459 1643 528; x_wconf 71' lang='lat' dir='ltr'>parte,</span> <span class='ocrx_word' id='word_1_21' title='bbox 1673 454 1822 511; x_wconf 88' lang='lat' dir='ltr'>tales</span> <span class='ocrx_word' id='word_1_22' title='bbox 1863 454 1972 511; x_wconf 89' lang='lat' dir='ltr'>visi</span> <span class='ocrx_word' id='word_1_23' title='bbox 2011 454 2126 512; x_wconf 89' lang='lat' dir='ltr'>sint</span> <span class='ocrx_word' id='word_1_24' title='bbox 2162 454 2293 512; x_wconf 88' lang='lat' dir='ltr'>Ari-</span> 
     </span>
     <span class='ocr_line' id='line_1_4' title="bbox 288 530 2292 603; baseline -0.001 -11"><span class='ocrx_word' id='word_1_25' title='bbox 288 533 555 592; x_wconf 86' lang='lat' dir='ltr'>starcho:</span> <span class='ocrx_word' id='word_1_26' title='bbox 600 534 758 601; x_wconf 91' lang='grc'><strong>(113111</strong></span> <span class='ocrx_word' id='word_1_27' title='bbox 798 533 947 589; x_wconf 87' lang='lat' dir='ltr'>varii</span> <span class='ocrx_word' id='word_1_28' title='bbox 985 530 1141 589; x_wconf 91' lang='lat' dir='ltr'>modi</span> <span class='ocrx_word' id='word_1_29' title='bbox 1182 531 1646 602; x_wconf 83' lang='lat' dir='ltr'>corruptelarum</span> <span class='ocrx_word' id='word_1_30' title='bbox 1676 536 1735 588; x_wconf 90' lang='grc'>01</span> <span class='ocrx_word' id='word_1_31' title='bbox 1762 531 2292 603; x_wconf 88' lang='lat' dir='ltr'>interpolationum,</span> 
     </span>
     <span class='ocr_line' id='line_1_5' title="bbox 282 608 2291 687; baseline -0 -21"><span class='ocrx_word' id='word_1_32' title='bbox 282 626 431 681; x_wconf 90' lang='lat' dir='ltr'>quas</span> <span class='ocrx_word' id='word_1_33' title='bbox 471 610 786 668; x_wconf 88' lang='lat' dir='ltr'>Homerum</span> <span class='ocrx_word' id='word_1_34' title='bbox 828 614 1131 681; x_wconf 81' lang='lat' dir='ltr'>expertum</span> <span class='ocrx_word' id='word_1_35' title='bbox 1170 624 1347 687; x_wconf 85' lang='lat' dir='ltr'>supra</span> <span class='ocrx_word' id='word_1_36' title='bbox 1389 608 1648 680; x_wconf 85' lang='lat' dir='ltr'>exposui,</span> <span class='ocrx_word' id='word_1_37' title='bbox 1690 608 1870 666; x_wconf 91' lang='lat' dir='ltr'>multo</span> <span class='ocrx_word' id='word_1_38' title='bbox 1913 608 2124 666; x_wconf 88' lang='lat' dir='ltr'>clarius</span> <span class='ocrx_word' id='word_1_39' title='bbox 2169 613 2291 665; x_wconf 88' lang='lat' dir='ltr'>tum</span> 
     </span>
     <span class='ocr_line' id='line_1_6' title="bbox 286 684 2390 759; baseline -0.004 -13"><span class='ocrx_word' id='word_1_40' title='bbox 286 687 557 759; x_wconf 77' lang='lat' dir='ltr'>cognosci</span> <span class='ocrx_word' id='word_1_41' title='bbox 595 691 927 759; x_wconf 87' lang='lat' dir='ltr'>potuerunt,</span> <span class='ocrx_word' id='word_1_42' title='bbox 968 701 1139 756; x_wconf 89' lang='lat' dir='ltr'>quam</span> <span class='ocrx_word' id='word_1_43' title='bbox 1170 700 1240 741; x_wconf 87' lang='lat' dir='ltr'>ex</span> <span class='ocrx_word' id='word_1_44' title='bbox 1266 689 1430 742; x_wconf 89' lang='lat' dir='ltr'>tanto</span> <span class='ocrx_word' id='word_1_45' title='bbox 1459 684 1763 742; x_wconf 89' lang='lat' dir='ltr'>intervallo</span> <span class='ocrx_word' id='word_1_46' title='bbox 1789 687 2172 757; x_wconf 78' lang='grc' dir='ltr'><strong>10111ρο111111;)</strong></span> <span class='ocrx_word' id='word_1_47' title='bbox 2202 689 2287 743; x_wconf 90' lang='lat' dir='ltr'>at-</span> <span class='ocrx_word' id='word_1_48' title='bbox 2315 698 2390 738; x_wconf 80' lang='lat'>233</span> 
     </span>
     <span class='ocr_line' id='line_1_7' title="bbox 284 761 2288 834; baseline -0.002 -12"><span class='ocrx_word' id='word_1_49' title='bbox 284 769 480 822; x_wconf 88' lang='lat' dir='ltr'>tamen</span> <span class='ocrx_word' id='word_1_50' title='bbox 508 779 621 822; x_wconf 92' lang='lat' dir='ltr'>non</span> <span class='ocrx_word' id='word_1_51' title='bbox 648 762 841 834; x_wconf 89' lang='lat' dir='ltr'>credo,</span> <span class='ocrx_word' id='word_1_52' title='bbox 867 763 1040 820; x_wconf 89' lang='lat' dir='ltr'>istam</span> <span class='ocrx_word' id='word_1_53' title='bbox 1067 777 1190 819; x_wconf 92' lang='lat' dir='ltr'>rem</span> <span class='ocrx_word' id='word_1_54' title='bbox 1215 761 1287 819; x_wconf 95' lang='lat' dir='ltr'>ab</span> <span class='ocrx_word' id='word_1_55' title='bbox 1317 762 1419 828; x_wconf 87' lang='lat' dir='ltr'>illo</span> <span class='ocrx_word' id='word_1_56' title='bbox 1447 763 1506 819; x_wconf 92' lang='lat' dir='ltr'>in</span> <span class='ocrx_word' id='word_1_57' title='bbox 1535 777 1741 833; x_wconf 90' lang='lat' dir='ltr'>magno</span> <span class='ocrx_word' id='word_1_58' title='bbox 1772 761 2103 820; x_wconf 87' lang='lat' dir='ltr'>discrimine</span> <span class='ocrx_word' id='word_1_59' title='bbox 2134 761 2288 833; x_wconf 90' lang='lat' dir='ltr'>posi-</span> 
     </span>
     <span class='ocr_line' id='line_1_8' title="bbox 284 838 2288 910; baseline -0.002 -10"><span class='ocrx_word' id='word_1_60' title='bbox 284 846 405 900; x_wconf 85' lang='lat' dir='ltr'>tam</span> <span class='ocrx_word' id='word_1_61' title='bbox 446 856 593 899; x_wconf 90' lang='lat' dir='ltr'>esse.</span> <span class='ocrx_word' id='word_1_62' title='bbox 643 841 823 898; x_wconf 90' lang='lat' dir='ltr'>Immo</span> <span class='ocrx_word' id='word_1_63' title='bbox 852 856 1026 910; x_wconf 89' lang='lat' dir='ltr'>quum</span> <span class='ocrx_word' id='word_1_64' title='bbox 1053 838 1257 897; x_wconf 89' lang='lat' dir='ltr'>horum</span> <span class='ocrx_word' id='word_1_65' title='bbox 1284 844 1609 910; x_wconf 89' lang='lat' dir='ltr'>temporum</span> <span class='ocrx_word' id='word_1_66' title='bbox 1639 843 1698 895; x_wconf 88' lang='lat' dir='ltr'>et</span> <span class='ocrx_word' id='word_1_67' title='bbox 1723 838 2015 895; x_wconf 90' lang='lat' dir='ltr'>hominum</span> <span class='ocrx_word' id='word_1_68' title='bbox 2052 839 2288 910; x_wconf 89' lang='lat' dir='ltr'>ingenia</span> 
     </span>
     <span class='ocr_line' id='line_1_9' title="bbox 283 915 2288 988; baseline -0.002 -13"><span class='ocrx_word' id='word_1_69' title='bbox 283 918 533 988; x_wconf 88' lang='lat' dir='ltr'>intueor,</span> <span class='ocrx_word' id='word_1_70' title='bbox 564 922 623 974; x_wconf 90' lang='grc'>01</span> <span class='ocrx_word' id='word_1_71' title='bbox 650 917 808 974; x_wconf 85' lang='grc'><strong>01313</strong></span> <span class='ocrx_word' id='word_1_72' title='bbox 832 921 1092 974; x_wconf 88' lang='lat' dir='ltr'>veterum</span> <span class='ocrx_word' id='word_1_73' title='bbox 1119 916 1451 973; x_wconf 88' lang='lat' dir='ltr'>testimonia</span> <span class='ocrx_word' id='word_1_74' title='bbox 1476 920 1747 972; x_wconf 88' lang='lat' dir='ltr'>accurate</span> <span class='ocrx_word' id='word_1_75' title='bbox 1768 931 2056 987; x_wconf 87' lang='lat' dir='ltr'>compar0,</span> <span class='ocrx_word' id='word_1_76' title='bbox 2103 915 2288 973; x_wconf 88' lang='lat' dir='ltr'>videri</span> 
     </span>
     <span class='ocr_line' id='line_1_10' title="bbox 283 990 2286 1056; baseline -0.001 -4"><span class='ocrx_word' id='word_1_77' title='bbox 283 994 425 1052; x_wconf 88' lang='lat' dir='ltr'>mihi</span> <span class='ocrx_word' id='word_1_78' title='bbox 446 994 595 1052; x_wconf 89' lang='lat' dir='ltr'>solet</span> <span class='ocrx_word' id='word_1_79' title='bbox 615 992 986 1051; x_wconf 83' lang='lat' dir='ltr'>Aristarchus</span> <span class='ocrx_word' id='word_1_80' title='bbox 1008 1009 1123 1051; x_wconf 93' lang='lat' dir='ltr'>non</span> <span class='ocrx_word' id='word_1_81' title='bbox 1144 992 1316 1049; x_wconf 88' lang='lat' dir='ltr'>aliter</span> <span class='ocrx_word' id='word_1_82' title='bbox 1336 992 1679 1049; x_wconf 79' lang='lat' dir='ltr'>tractavisse</span> <span class='ocrx_word' id='word_1_83' title='bbox 1700 991 2033 1056; x_wconf 88' lang='lat' dir='ltr'>Homerum,</span> <span class='ocrx_word' id='word_1_84' title='bbox 2058 1008 2127 1049; x_wconf 91' lang='lat' dir='ltr'>ac</span> <span class='ocrx_word' id='word_1_85' title='bbox 2143 990 2286 1050; x_wconf 83' lang='lat' dir='ltr'>Cato</span> 
     </span>
     <span class='ocr_line' id='line_1_11' title="bbox 284 1069 2288 1140; baseline -0.001 -12"><span class='ocrx_word' id='word_1_86' title='bbox 284 1071 385 1129; x_wconf 84' lang='lat' dir='ltr'>ille</span> <span class='ocrx_word' id='word_1_87' title='bbox 410 1070 715 1140; x_wconf 82' lang='lat' dir='ltr'>Lucilium,</span> <span class='ocrx_word' id='word_1_88' title='bbox 745 1071 906 1128; x_wconf 82' lang='lat' dir='ltr'>cuius</span> <span class='ocrx_word' id='word_1_89' title='bbox 935 1072 1073 1124; x_wconf 81' lang='lat' dir='ltr'>male</span> <span class='ocrx_word' id='word_1_90' title='bbox 1084 1072 1275 1140; x_wconf 70' lang='lat' dir='ltr'>factos</span> <span class='ocrx_word' id='word_1_91' title='bbox 1301 1088 1486 1123; x_wconf 76' lang='lat' dir='ltr'>versus</span> <span class='ocrx_word' id='word_1_92' title='bbox 1512 1071 1852 1140; x_wconf 60' lang='lat' dir='ltr'>emendabat,</span> <span class='ocrx_word' id='word_1_93' title='bbox 1874 1074 2048 1139; x_wconf 77' lang='lat' dir='ltr'>atque</span> <span class='ocrx_word' id='word_1_94' title='bbox 2077 1069 2288 1127; x_wconf 85' lang='lat' dir='ltr'>Varius</span> 
     </span>
     <span class='ocr_line' id='line_1_12' title="bbox 286 1143 2289 1219; baseline -0.002 -13"><span class='ocrx_word' id='word_1_95' title='bbox 286 1154 350 1206; x_wconf 91' lang='lat' dir='ltr'>et</span> <span class='ocrx_word' id='word_1_96' title='bbox 374 1147 567 1205; x_wconf 87' lang='lat' dir='ltr'>Tucca</span> <span class='ocrx_word' id='word_1_97' title='bbox 594 1147 825 1218; x_wconf 85' lang='lat' dir='ltr'>Virgilii</span> <span class='ocrx_word' id='word_1_98' title='bbox 861 1143 1258 1219; x_wconf 87' lang='lat' dir='ltr'>imperfectum</span> <span class='ocrx_word' id='word_1_99' title='bbox 1291 1151 1497 1217; x_wconf 75' lang='lat' dir='ltr'>poema</span> <span class='ocrx_word' id='word_1_100' title='bbox 1537 1146 1846 1203; x_wconf 79' lang='lat' dir='ltr'>tractaturi</span> <span class='ocrx_word' id='word_1_101' title='bbox 1872 1143 2135 1214; x_wconf 86' lang='lat' dir='ltr'>fuissent,</span> <span class='ocrx_word' id='word_1_102' title='bbox 2174 1145 2289 1203; x_wconf 90' lang='lat' dir='ltr'>nisi</span> 
     </span>
     <span class='ocr_line' id='line_1_13' title="bbox 284 1221 2133 1301; baseline -0.003 -18"><span class='ocrx_word' id='word_1_103' title='bbox 284 1225 583 1284; x_wconf 90' lang='lat' dir='ltr'>morientis</span> <span class='ocrx_word' id='word_1_104' title='bbox 612 1224 781 1281; x_wconf 88' lang='lat' dir='ltr'>amici</span> <span class='ocrx_word' id='word_1_105' title='bbox 809 1230 870 1282; x_wconf 92' lang='lat' dir='ltr'>et</span> <span class='ocrx_word' id='word_1_106' title='bbox 894 1223 1144 1295; x_wconf 84' lang='lat' dir='ltr'>Augusti</span> <span class='ocrx_word' id='word_1_107' title='bbox 1170 1223 1435 1280; x_wconf 86' lang='lat' dir='ltr'>voluntas</span> <span class='ocrx_word' id='word_1_108' title='bbox 1464 1222 1893 1280; x_wconf 88' lang='lat' dir='ltr'>intercessisset</span> <span class='ocrx_word' id='word_1_109' title='bbox 1907 1221 2000 1293; x_wconf 73' lang='lat' dir='ltr'>l⁴2).</span> <span class='ocrx_word' id='word_1_110' title='bbox 2128 1292 2133 1301; x_wconf 79' lang='lat'><em>,</em></span> 
     </span>
    </p>

    <p class='ocr_par' dir='ltr' id='par_1_3' title="bbox 284 1299 2515 2733">
     <span class='ocr_line' id='line_1_14' title="bbox 443 1299 2286 1373; baseline -0.001 -15"><span class='ocrx_word' id='word_1_111' title='bbox 443 1302 671 1373; x_wconf 81' lang='lat' dir='ltr'>Quippe</span> <span class='ocrx_word' id='word_1_112' title='bbox 711 1302 809 1360; x_wconf 91' lang='lat' dir='ltr'>illo</span> <span class='ocrx_word' id='word_1_113' title='bbox 840 1300 1191 1359; x_wconf 85' lang='lat' dir='ltr'>Graecorum</span> <span class='ocrx_word' id='word_1_114' title='bbox 1227 1315 1389 1371; x_wconf 88' lang='lat' dir='ltr'>aevo,</span> <span class='ocrx_word' id='word_1_115' title='bbox 1431 1299 1689 1370; x_wconf 85' lang='lat' dir='ltr'>quamvis</span> <span class='ocrx_word' id='word_1_116' title='bbox 1728 1300 1788 1356; x_wconf 93' lang='lat' dir='ltr'>in</span> <span class='ocrx_word' id='word_1_117' title='bbox 1813 1299 2071 1356; x_wconf 90' lang='lat' dir='ltr'>minutiis</span> <span class='ocrx_word' id='word_1_118' title='bbox 2100 1315 2286 1372; x_wconf 88' lang='lat' dir='ltr'>gram-</span> 
     </span>
     <span class='ocr_line' id='line_1_15' title="bbox 284 1375 2284 1450; baseline -0.002 -14"><span class='ocrx_word' id='word_1_119' title='bbox 284 1379 483 1436; x_wconf 88' lang='lat' dir='ltr'>matici</span> <span class='ocrx_word' id='word_1_120' title='bbox 523 1379 753 1450; x_wconf 89' lang='lat' dir='ltr'>generis</span> <span class='ocrx_word' id='word_1_121' title='bbox 795 1377 1254 1450; x_wconf 87' lang='lat' dir='ltr'>occupatissimo,</span> <span class='ocrx_word' id='word_1_122' title='bbox 1294 1393 1410 1434; x_wconf 93' lang='lat' dir='ltr'>non</span> <span class='ocrx_word' id='word_1_123' title='bbox 1452 1375 1641 1447; x_wconf 89' lang='lat' dir='ltr'>potuit</span> <span class='ocrx_word' id='word_1_124' title='bbox 1680 1376 1950 1434; x_wconf 52' lang='lat' dir='ltr'>nonaevilis</span> <span class='ocrx_word' id='word_1_125' title='bbox 1980 1381 2039 1433; x_wconf 96' lang='grc'>01</span> <span class='ocrx_word' id='word_1_126' title='bbox 2068 1375 2284 1434; x_wconf 88' lang='lat' dir='ltr'>eruditi</span> 
     </span>
     <span class='ocr_line' id='line_1_16' title="bbox 284 1451 2288 1527; baseline -0.002 -13"><span class='ocrx_word' id='word_1_127' title='bbox 284 1455 528 1514; x_wconf 88' lang='lat' dir='ltr'>hominis</span> <span class='ocrx_word' id='word_1_128' title='bbox 572 1455 832 1513; x_wconf 86' lang='lat' dir='ltr'>acumine</span> <span class='ocrx_word' id='word_1_129' title='bbox 871 1470 1078 1527; x_wconf 89' lang='lat' dir='ltr'>parum</span> <span class='ocrx_word' id='word_1_130' title='bbox 1117 1452 1291 1525; x_wconf 87' lang='lat' dir='ltr'>digna</span> <span class='ocrx_word' id='word_1_131' title='bbox 1329 1453 1533 1511; x_wconf 87' lang='lat' dir='ltr'>haberi</span> <span class='ocrx_word' id='word_1_132' title='bbox 1571 1452 1716 1510; x_wconf 89' lang='lat' dir='ltr'>haec</span> <span class='ocrx_word' id='word_1_133' title='bbox 1756 1469 1896 1511; x_wconf 89' lang='lat' dir='ltr'>cura</span> <span class='ocrx_word' id='word_1_134' title='bbox 1933 1453 2112 1512; x_wconf 87' lang='lat' dir='ltr'>libros</span> <span class='ocrx_word' id='word_1_135' title='bbox 2141 1451 2288 1510; x_wconf 90' lang='lat' dir='ltr'>divi-</span> 
     </span>
     <span class='ocr_line' id='line_1_17' title="bbox 287 1529 2286 1604; baseline -0.001 -15"><span class='ocrx_word' id='word_1_136' title='bbox 287 1531 465 1590; x_wconf 90' lang='lat' dir='ltr'>dendi</span> <span class='ocrx_word' id='word_1_137' title='bbox 489 1531 557 1588; x_wconf 83' lang='lat' dir='ltr'>in&#39;</span> <span class='ocrx_word' id='word_1_138' title='bbox 575 1537 792 1604; x_wconf 80' lang='lat' dir='ltr'>parteS,</span> <span class='ocrx_word' id='word_1_139' title='bbox 832 1530 1228 1604; x_wconf 89' lang='lat' dir='ltr'>praeponendi</span> <span class='ocrx_word' id='word_1_140' title='bbox 1254 1530 1583 1601; x_wconf 90' lang='lat' dir='ltr'>summaria,</span> <span class='ocrx_word' id='word_1_141' title='bbox 1612 1529 1839 1588; x_wconf 90' lang='lat' dir='ltr'>codices</span> <span class='ocrx_word' id='word_1_142' title='bbox 1869 1530 2022 1587; x_wconf 92' lang='lat' dir='ltr'>inter</span> <span class='ocrx_word' id='word_1_143' title='bbox 2045 1545 2108 1587; x_wconf 90' lang='lat' dir='ltr'>se</span> <span class='ocrx_word' id='word_1_144' title='bbox 2137 1546 2286 1588; x_wconf 90' lang='lat' dir='ltr'>com-</span> 
     </span>
     <span class='ocr_line' id='line_1_18' title="bbox 286 1606 2293 1681; baseline -0.001 -15"><span class='ocrx_word' id='word_1_145' title='bbox 286 1607 552 1681; x_wconf 90' lang='lat' dir='ltr'>parandi,</span> <span class='ocrx_word' id='word_1_146' title='bbox 574 1608 938 1667; x_wconf 89' lang='lat' dir='ltr'>librariorum</span> <span class='ocrx_word' id='word_1_147' title='bbox 957 1606 1167 1665; x_wconf 87' lang='lat' dir='ltr'>menda</span> <span class='ocrx_word' id='word_1_148' title='bbox 1186 1606 1446 1678; x_wconf 91' lang='lat' dir='ltr'>tollendi,</span> <span class='ocrx_word' id='word_1_149' title='bbox 1466 1606 1746 1665; x_wconf 88' lang='lat' dir='ltr'>vocabula</span> <span class='ocrx_word' id='word_1_150' title='bbox 1767 1606 1945 1678; x_wconf 88' lang='lat' dir='ltr'>signis</span> <span class='ocrx_word' id='word_1_151' title='bbox 1967 1606 2293 1664; x_wconf 87' lang='lat' dir='ltr'>distinctio-</span> 
     </span>
     <span class='ocr_line' id='line_1_19' title="bbox 290 1683 2288 1756; baseline -0.001 -14"><span class='ocrx_word' id='word_1_152' title='bbox 290 1701 428 1742; x_wconf 88' lang='lat' dir='ltr'>num</span> <span class='ocrx_word' id='word_1_153' title='bbox 463 1690 522 1742; x_wconf 89' lang='lat' dir='ltr'>et</span> <span class='ocrx_word' id='word_1_154' title='bbox 560 1690 898 1743; x_wconf 90' lang='lat' dir='ltr'>accentuum</span> <span class='ocrx_word' id='word_1_155' title='bbox 935 1683 1190 1756; x_wconf 87' lang='lat' dir='ltr'>notandi,</span> <span class='ocrx_word' id='word_1_156' title='bbox 1232 1689 1293 1742; x_wconf 91' lang='lat' dir='ltr'>et</span> <span class='ocrx_word' id='word_1_157' title='bbox 1328 1684 1379 1741; x_wconf 91' lang='lat' dir='ltr'>si</span> <span class='ocrx_word' id='word_1_158' title='bbox 1417 1700 1532 1755; x_wconf 88' lang='lat' dir='ltr'>qua</span> <span class='ocrx_word' id='word_1_159' title='bbox 1558 1683 1676 1740; x_wconf 89' lang='lat' dir='ltr'>alia</span> <span class='ocrx_word' id='word_1_160' title='bbox 1701 1689 1852 1755; x_wconf 90' lang='lat' dir='ltr'>sunt,</span> <span class='ocrx_word' id='word_1_161' title='bbox 1895 1699 2044 1755; x_wconf 90' lang='lat' dir='ltr'>quae</span> <span class='ocrx_word' id='word_1_162' title='bbox 2072 1683 2288 1755; x_wconf 87' lang='lat' dir='ltr'>partim</span> 
     </span>
     <span class='ocr_line' id='line_1_20' title="bbox 291 1757 2292 1837; baseline -0 -18"><span class='ocrx_word' id='word_1_163' title='bbox 291 1762 662 1833; x_wconf 84' lang='lat' dir='ltr'>assignantur</span> <span class='ocrx_word' id='word_1_164' title='bbox 716 1763 1138 1837; x_wconf 50' lang='lat' dir='ltr'>Qammatiffiis.</span> <span class='ocrx_word' id='word_1_165' title='bbox 1224 1760 1316 1818; x_wconf 92' lang='lat' dir='ltr'>Ab</span> <span class='ocrx_word' id='word_1_166' title='bbox 1337 1812 1350 1823; x_wconf 84' lang='grc'>,</span> <span class='ocrx_word' id='word_1_167' title='bbox 1377 1761 1466 1818; x_wconf 93' lang='lat' dir='ltr'>his</span> <span class='ocrx_word' id='word_1_168' title='bbox 1531 1760 1788 1819; x_wconf 87' lang='lat' dir='ltr'>diversos</span> <span class='ocrx_word' id='word_1_169' title='bbox 1840 1765 2067 1819; x_wconf 88' lang='lat' dir='ltr'>constat</span> <span class='ocrx_word' id='word_1_170' title='bbox 2113 1757 2292 1818; x_wconf 85' lang='lat' dir='ltr'>fuisse</span> 
     </span>
     <span class='ocr_line' id='line_1_21' title="bbox 296 1837 2293 1909; baseline -0.001 -14"><span class='ocrx_word' id='word_1_171' title='bbox 296 1838 713 1905; x_wconf 70' lang='lat' dir='ltr'>Grammaticos,</span> <span class='ocrx_word' id='word_1_172' title='bbox 755 1838 1060 1896; x_wconf 88' lang='lat' dir='ltr'>verborum</span> <span class='ocrx_word' id='word_1_173' title='bbox 1089 1843 1149 1894; x_wconf 90' lang='lat' dir='ltr'>et</span> <span class='ocrx_word' id='word_1_174' title='bbox 1176 1837 1593 1895; x_wconf 88' lang='lat' dir='ltr'>sententiarum</span> <span class='ocrx_word' id='word_1_175' title='bbox 1619 1837 1988 1909; x_wconf 81' lang='lat' dir='ltr'>interpretes,</span> <span class='ocrx_word' id='word_1_176' title='bbox 2017 1853 2088 1894; x_wconf 89' lang='lat' dir='ltr'>ac</span> <span class='ocrx_word' id='word_1_177' title='bbox 2112 1837 2293 1895; x_wconf 91' lang='lat' dir='ltr'>multo</span> 
     </span>
     <span class='ocr_line' id='line_1_22' title="bbox 290 1913 2294 1988; baseline -0.001 -15"><span class='ocrx_word' id='word_1_178' title='bbox 290 1915 476 1988; x_wconf 86' lang='lat' dir='ltr'>magis</span> <span class='ocrx_word' id='word_1_179' title='bbox 519 1931 636 1987; x_wconf 89' lang='lat' dir='ltr'>eos,</span> <span class='ocrx_word' id='word_1_180' title='bbox 678 1915 777 1986; x_wconf 89' lang='lat' dir='ltr'>qui</span> <span class='ocrx_word' id='word_1_181' title='bbox 816 1931 852 1972; x_wconf 87' lang='lat' dir='ltr'>a</span> <span class='ocrx_word' id='word_1_182' title='bbox 891 1915 1175 1974; x_wconf 85' lang='lat' dir='ltr'>nonnullis</span> <span class='ocrx_word' id='word_1_183' title='bbox 1197 1914 1533 1983; x_wconf 85' lang='lat' dir='ltr'>subtiliores</span> <span class='ocrx_word' id='word_1_184' title='bbox 1564 1919 1624 1972; x_wconf 90' lang='lat' dir='ltr'>et</span> <span class='ocrx_word' id='word_1_185' title='bbox 1652 1914 1964 1973; x_wconf 88' lang='lat' dir='ltr'>nobiliores</span> <span class='ocrx_word' id='word_1_186' title='bbox 1994 1913 2294 1980; x_wconf 85' lang='lat' dir='ltr'>Gramma-</span> 
     </span>
     <span class='ocr_line' id='line_1_23' title="bbox 291 1990 2399 2065; baseline -0.002 -14"><span class='ocrx_word' id='word_1_187' title='bbox 291 1992 394 2051; x_wconf 89' lang='lat' dir='ltr'>tici</span> <span class='ocrx_word' id='word_1_188' title='bbox 422 1999 701 2051; x_wconf 87' lang='lat' dir='ltr'>vocantur</span> <span class='ocrx_word' id='word_1_189' title='bbox 715 1990 806 2065; x_wconf 85' lang='lat' dir='ltr'>l⁵),</span> <span class='ocrx_word' id='word_1_190' title='bbox 868 1993 1110 2063; x_wconf 77' lang='lat' dir='ltr'>Criticos,</span> <span class='ocrx_word' id='word_1_191' title='bbox 1163 2008 1404 2063; x_wconf 88' lang='lat' dir='ltr'>quorum</span> <span class='ocrx_word' id='word_1_192' title='bbox 1444 2008 1647 2049; x_wconf 90' lang='lat' dir='ltr'>munus</span> <span class='ocrx_word' id='word_1_193' title='bbox 1689 1997 1835 2064; x_wconf 90' lang='lat' dir='ltr'>erat,</span> <span class='ocrx_word' id='word_1_194' title='bbox 1888 1991 2296 2050; x_wconf 87' lang='lat' dir='ltr'>auctoritatem</span> <span class='ocrx_word' id='word_1_195' title='bbox 2322 2006 2399 2047; x_wconf 77' lang='lat'>234</span> 
     </span>
     <span class='ocr_line' id='line_1_24' title="bbox 291 2067 2296 2147; baseline -0.001 -19"><span class='ocrx_word' id='word_1_196' title='bbox 291 2075 354 2128; x_wconf 91' lang='lat' dir='ltr'>et</span> <span class='ocrx_word' id='word_1_197' title='bbox 393 2067 733 2147; x_wconf 79' lang='grc' dir='ltr'><em>γνησιότητα</em></span> <span class='ocrx_word' id='word_1_198' title='bbox 771 2075 1032 2128; x_wconf 88' lang='lat' dir='ltr'>veterum</span> <span class='ocrx_word' id='word_1_199' title='bbox 1071 2069 1416 2141; x_wconf 88' lang='lat' dir='ltr'>scriptorum</span> <span class='ocrx_word' id='word_1_200' title='bbox 1459 2070 1791 2141; x_wconf 84' lang='lat' dir='ltr'>exquirere,</span> <span class='ocrx_word' id='word_1_201' title='bbox 1845 2074 1905 2126; x_wconf 90' lang='lat' dir='ltr'>et</span> <span class='ocrx_word' id='word_1_202' title='bbox 1943 2085 2050 2126; x_wconf 90' lang='lat' dir='ltr'>sua</span> <span class='ocrx_word' id='word_1_203' title='bbox 2089 2069 2296 2140; x_wconf 88' lang='lat' dir='ltr'>cuique</span> 
     </span>
     <span class='ocr_line' id='line_1_25' title="bbox 291 2146 2292 2220; baseline -0.001 -15"><span class='ocrx_word' id='word_1_204' title='bbox 291 2147 604 2220; x_wconf 84' lang='lat' dir='ltr'>vindicare,</span> <span class='ocrx_word' id='word_1_205' title='bbox 644 2147 891 2206; x_wconf 83' lang='lat' dir='ltr'>maxime</span> <span class='ocrx_word' id='word_1_206' title='bbox 931 2162 1069 2205; x_wconf 88' lang='lat' dir='ltr'>vero</span> <span class='ocrx_word' id='word_1_207' title='bbox 1109 2146 1351 2204; x_wconf 86' lang='lat' dir='ltr'>virtutes</span> <span class='ocrx_word' id='word_1_208' title='bbox 1392 2146 1620 2203; x_wconf 90' lang='lat' dir='ltr'>illorum</span> <span class='ocrx_word' id='word_1_209' title='bbox 1660 2151 1720 2203; x_wconf 88' lang='lat' dir='ltr'>et</span> <span class='ocrx_word' id='word_1_210' title='bbox 1758 2146 1902 2203; x_wconf 88' lang='lat' dir='ltr'>vitia</span> <span class='ocrx_word' id='word_1_211' title='bbox 1927 2160 2292 2218; x_wconf 84' lang='lat' dir='ltr'>percensere,</span> 
     </span>
     <span class='ocr_line' id='line_1_26' title="bbox 290 2221 2297 2295; baseline -0.002 -13"><span class='ocrx_word' id='word_1_212' title='bbox 290 2230 358 2282; x_wconf 90' lang='lat' dir='ltr'>ut</span> <span class='ocrx_word' id='word_1_213' title='bbox 396 2223 690 2282; x_wconf 90' lang='lat' dir='ltr'>discerent</span> <span class='ocrx_word' id='word_1_214' title='bbox 717 2223 1035 2295; x_wconf 87' lang='lat' dir='ltr'>auditores,</span> <span class='ocrx_word' id='word_1_215' title='bbox 1066 2221 1203 2295; x_wconf 88' lang='lat' dir='ltr'>quid</span> <span class='ocrx_word' id='word_1_216' title='bbox 1231 2222 1291 2279; x_wconf 91' lang='grc'>111</span> <span class='ocrx_word' id='word_1_217' title='bbox 1319 2222 1392 2279; x_wconf 91' lang='lat' dir='ltr'>iis</span> <span class='ocrx_word' id='word_1_218' title='bbox 1419 2221 1779 2295; x_wconf 89' lang='lat' dir='ltr'>imitandum,</span> <span class='ocrx_word' id='word_1_219' title='bbox 1809 2222 1947 2294; x_wconf 88' lang='lat' dir='ltr'>quid</span> <span class='ocrx_word' id='word_1_220' title='bbox 1976 2222 2128 2280; x_wconf 89' lang='lat' dir='ltr'>veris</span> <span class='ocrx_word' id='word_1_221' title='bbox 2157 2222 2297 2280; x_wconf 91' lang='lat' dir='ltr'>scri-</span> 
     </span>
     <span class='ocr_line' id='line_1_27' title="bbox 290 2296 2299 2377; baseline -0.003 -17"><span class='ocrx_word' id='word_1_222' title='bbox 290 2299 467 2360; x_wconf 89' lang='lat' dir='ltr'>bendi</span> <span class='ocrx_word' id='word_1_223' title='bbox 505 2300 762 2374; x_wconf 43' lang='lat' dir='ltr'>legibus»</span> <span class='ocrx_word' id='word_1_224' title='bbox 775 2301 1128 2360; x_wconf 89' lang='lat' dir='ltr'>contrarium</span> <span class='ocrx_word' id='word_1_225' title='bbox 1168 2305 1343 2357; x_wconf 89' lang='lat' dir='ltr'>esset.</span> <span class='ocrx_word' id='word_1_226' title='bbox 1407 2299 1517 2357; x_wconf 87' lang='lat' dir='ltr'>Illa</span> <span class='ocrx_word' id='word_1_227' title='bbox 1557 2305 1648 2357; x_wconf 91' lang='lat' dir='ltr'>est</span> <span class='ocrx_word' id='word_1_228' title='bbox 1672 2296 1707 2377; x_wconf 81' lang='grc' dir='ltr'><strong><em>ἡ</em></strong></span> <span class='ocrx_word' id='word_1_229' title='bbox 1734 2299 1849 2357; x_wconf 82' lang='grc' dir='ltr'>τῶν</span> <span class='ocrx_word' id='word_1_230' title='bbox 1879 2296 2063 2375; x_wconf 83' lang='grc' dir='ltr'><em>λόγων</em></span> <span class='ocrx_word' id='word_1_231' title='bbox 2091 2296 2299 2375; x_wconf 83' lang='grc' dir='ltr'><em>κρίσις,</em></span> 
     </span>
     <span class='ocr_line' id='line_1_28' title="bbox 291 2371 2515 2465; baseline -0 -31"><span class='ocrx_word' id='word_1_232' title='bbox 291 2375 504 2455; x_wconf 73' lang='grc' dir='ltr'><em>πολλῆς</em></span> <span class='ocrx_word' id='word_1_233' title='bbox 554 2376 757 2455; x_wconf 57' lang='grc' dir='ltr'><em>πειῖοας</em></span> <span class='ocrx_word' id='word_1_234' title='bbox 796 2376 1120 2434; x_wconf 82' lang='grc' dir='ltr'><em>τελευταῖον</em></span> <span class='ocrx_word' id='word_1_235' title='bbox 1162 2371 1529 2465; x_wconf 62' lang='grc' dir='ltr'><em>ἐπιγέννημα,</em></span> <span class='ocrx_word' id='word_1_236' title='bbox 1583 2382 1650 2434; x_wconf 83' lang='lat' dir='ltr'>ut</span> <span class='ocrx_word' id='word_1_237' title='bbox 1687 2376 1772 2434; x_wconf 80' lang='lat' dir='ltr'>ait</span> <span class='ocrx_word' id='word_1_238' title='bbox 1808 2376 2135 2447; x_wconf 84' lang='lat' dir='ltr'>Longinus,</span> <span class='ocrx_word' id='word_1_239' title='bbox 2184 2392 2299 2434; x_wconf 89' lang='lat' dir='ltr'>non</span> <span class='ocrx_word' id='word_1_240' title='bbox 2336 2395 2448 2422; x_wconf 56' lang='lat' dir='ltr'>*w-</span> <span class='ocrx_word' id='word_1_241' title='bbox 2504 2377 2515 2408; x_wconf 67' lang='lat'>&#39;³</span> 
     </span>
     <span class='ocr_line' id='line_1_29' title="bbox 293 2453 2440 2540; baseline -0.002 -27"><span class='ocrx_word' id='word_1_242' title='bbox 293 2454 441 2513; x_wconf 88' lang='lat' dir='ltr'>haec</span> <span class='ocrx_word' id='word_1_243' title='bbox 479 2455 539 2511; x_wconf 91' lang='lat' dir='ltr'>in</span> <span class='ocrx_word' id='word_1_244' title='bbox 578 2453 943 2513; x_wconf 88' lang='lat' dir='ltr'>restituendo</span> <span class='ocrx_word' id='word_1_245' title='bbox 985 2454 1232 2527; x_wconf 89' lang='lat' dir='ltr'>genuino</span> <span class='ocrx_word' id='word_1_246' title='bbox 1272 2453 1477 2511; x_wconf 83' lang='lat' dir='ltr'>habitu</span> <span class='ocrx_word' id='word_1_247' title='bbox 1518 2453 1795 2511; x_wconf 88' lang='lat' dir='ltr'>librorum</span> <span class='ocrx_word' id='word_1_248' title='bbox 1837 2459 1897 2511; x_wconf 92' lang='lat' dir='ltr'>et</span> <span class='ocrx_word' id='word_1_249' title='bbox 1935 2453 1996 2510; x_wconf 91' lang='lat' dir='ltr'>in</span> <span class='ocrx_word' id='word_1_250' title='bbox 2036 2453 2298 2526; x_wconf 87' lang='lat' dir='ltr'>aucupiis</span> <span class='ocrx_word' id='word_1_251' title='bbox 2330 2527 2343 2540; x_wconf 41' lang='lat'><strong>·</strong></span> <span class='ocrx_word' id='word_1_252' title='bbox 2428 2515 2440 2526; x_wconf 57' lang='lat'>,</span> 
     </span>
     <span class='ocr_line' id='line_1_30' title="bbox 842 2519 2501 2598; baseline -0.002 2"><span class='ocrx_word' id='word_1_253' title='bbox 842 2535 848 2541; x_wconf 78' lang='grc'><strong><em>’</em></strong></span> <span class='ocrx_word' id='word_1_254' title='bbox 2241 2519 2501 2598; x_wconf 40' lang='lat' dir='ltr'>vum-ff</span> 
     </span>
     <span class='ocr_line' id='line_1_31' title="bbox 294 2662 2301 2733; baseline -0.001 -15"><span class='ocrx_word' id='word_1_255' title='bbox 294 2664 509 2719; x_wconf 91' lang='lat' dir='ltr'>minime</span> <span class='ocrx_word' id='word_1_256' title='bbox 561 2664 747 2719; x_wconf 87' lang='lat' dir='ltr'>debuit</span> <span class='ocrx_word' id='word_1_257' title='bbox 792 2664 1054 2728; x_wconf 86' lang='lat' dir='ltr'>dubitari,</span> <span class='ocrx_word' id='word_1_258' title='bbox 1104 2665 1234 2733; x_wconf 89' lang='lat' dir='ltr'>quin</span> <span class='ocrx_word' id='word_1_259' title='bbox 1280 2664 1627 2719; x_wconf 86' lang='lat' dir='ltr'>Aristarchus</span> <span class='ocrx_word' id='word_1_260' title='bbox 1671 2664 2020 2719; x_wconf 83' lang='lat' dir='ltr'>describatur.</span> <span class='ocrx_word' id='word_1_261' title='bbox 2102 2662 2301 2717; x_wconf 88' lang='lat' dir='ltr'>Maiori</span> 
     </span>
    </p>
   </div>
   <div class='ocr_carea' id='block_1_2' title="bbox 294 2731 2299 2856">
    <p class='ocr_par' dir='ltr' id='par_1_4' title="bbox 294 2731 2299 2856">
     <span class='ocr_line' id='line_1_32' title="bbox 294 2731 2299 2801; baseline -0.002 -14"><span class='ocrx_word' id='word_1_262' title='bbox 294 2733 413 2787; x_wconf 88' lang='lat' dir='ltr'>iure</span> <span class='ocrx_word' id='word_1_263' title='bbox 448 2733 686 2789; x_wconf 88' lang='lat' dir='ltr'>dubitari</span> <span class='ocrx_word' id='word_1_264' title='bbox 720 2733 1011 2800; x_wconf 83' lang='lat' dir='ltr'>potuisset,</span> <span class='ocrx_word' id='word_1_265' title='bbox 1065 2750 1242 2787; x_wconf 87' lang='lat' dir='ltr'>annon</span> <span class='ocrx_word' id='word_1_266' title='bbox 1289 2732 1431 2786; x_wconf 86' lang='lat' dir='ltr'>idem</span> <span class='ocrx_word' id='word_1_267' title='bbox 1469 2734 1631 2787; x_wconf 86' lang='lat' dir='ltr'>etiam</span> <span class='ocrx_word' id='word_1_268' title='bbox 1668 2734 1912 2801; x_wconf 87' lang='lat' dir='ltr'>proxime</span> <span class='ocrx_word' id='word_1_269' title='bbox 1948 2731 2299 2786; x_wconf 86' lang='lat' dir='ltr'>antecedente</span> 
     </span>
     <span class='ocr_line' id='line_1_33' title="bbox 295 2801 1735 2856; baseline -0.001 -1"><span class='ocrx_word' id='word_1_270' title='bbox 295 2816 455 2855; x_wconf 86' lang='lat' dir='ltr'>versu</span> <span class='ocrx_word' id='word_1_271' title='bbox 492 2802 720 2856; x_wconf 92' lang='lat' dir='ltr'>Ausonii</span> <span class='ocrx_word' id='word_1_272' title='bbox 755 2801 1085 2855; x_wconf 88' lang='lat' dir='ltr'>laudaretur.</span> <span class='ocrx_word' id='word_1_273' title='bbox 1732 2823 1735 2826; x_wconf 44' lang='grc'><em>“</em></span> 
     </span>
    </p>
   </div>
   <div class='ocr_carea' id='block_1_3' title="bbox 297 2885 2301 3298">
    <p class='ocr_par' dir='ltr' id='par_1_5' title="bbox 297 2885 2301 3079">
     <span class='ocr_line' id='line_1_34' title="bbox 433 2885 2300 2955; baseline -0.004 -13"><span class='ocrx_word' id='word_1_274' title='bbox 433 2889 505 2955; x_wconf 83' lang='grc'>14)</span> <span class='ocrx_word' id='word_1_275' title='bbox 540 2887 839 2942; x_wconf 85' lang='lat' dir='ltr'>Notissima</span> <span class='ocrx_word' id='word_1_276' title='bbox 875 2893 956 2939; x_wconf 90' lang='lat' dir='ltr'>est</span> <span class='ocrx_word' id='word_1_277' title='bbox 989 2887 1216 2941; x_wconf 87' lang='lat' dir='ltr'>historia</span> <span class='ocrx_word' id='word_1_278' title='bbox 1252 2902 1321 2940; x_wconf 83' lang='lat' dir='ltr'>ex</span> <span class='ocrx_word' id='word_1_279' title='bbox 1354 2888 1558 2943; x_wconf 90' lang='lat' dir='ltr'>Donati</span> <span class='ocrx_word' id='word_1_280' title='bbox 1592 2887 1722 2941; x_wconf 87' lang='lat' dir='ltr'>Vita</span> <span class='ocrx_word' id='word_1_281' title='bbox 1753 2885 1904 2954; x_wconf 85' lang='lat' dir='ltr'>Virg.</span> <span class='ocrx_word' id='word_1_282' title='bbox 1943 2886 1992 2954; x_wconf 61' lang='grc' dir='ltr'>ἓ.</span> <span class='ocrx_word' id='word_1_283' title='bbox 2017 2889 2100 2939; x_wconf 85' lang='grc'>52.</span> <span class='ocrx_word' id='word_1_284' title='bbox 2136 2888 2219 2939; x_wconf 87' lang='grc'>59.</span> <span class='ocrx_word' id='word_1_285' title='bbox 2244 2889 2300 2936; x_wconf 90' lang='grc'>01</span> 
     </span>
     <span class='ocr_line' id='line_1_35' title="bbox 297 2952 2301 3023; baseline -0.001 -16"><span class='ocrx_word' id='word_1_286' title='bbox 297 2953 502 3010; x_wconf 88' lang='lat' dir='ltr'>lusibus</span> <span class='ocrx_word' id='word_1_287' title='bbox 537 2962 838 3023; x_wconf 74' lang='lat' dir='ltr'>poetarum.</span> <span class='ocrx_word' id='word_1_288' title='bbox 909 2955 998 3009; x_wconf 88' lang='lat' dir='ltr'>Ad</span> <span class='ocrx_word' id='word_1_289' title='bbox 1043 2970 1157 3009; x_wconf 91' lang='lat' dir='ltr'>rem</span> <span class='ocrx_word' id='word_1_290' title='bbox 1192 2972 1300 3010; x_wconf 91' lang='lat' dir='ltr'>non</span> <span class='ocrx_word' id='word_1_291' title='bbox 1332 2956 1473 3009; x_wconf 90' lang='lat' dir='ltr'>male</span> <span class='ocrx_word' id='word_1_292' title='bbox 1510 2960 1811 3023; x_wconf 88' lang='lat' dir='ltr'>congruunt</span> <span class='ocrx_word' id='word_1_293' title='bbox 1844 2969 2032 3008; x_wconf 82' lang='lat' dir='ltr'>versus</span> <span class='ocrx_word' id='word_1_294' title='bbox 2066 2952 2301 3021; x_wconf 86' lang='lat' dir='ltr'>Eugenii</span> 
     </span>
     <span class='ocr_line' id='line_1_36' title="bbox 297 3022 1764 3079; baseline -0.001 -3"><span class='ocrx_word' id='word_1_295' title='bbox 297 3022 475 3079; x_wconf 85' lang='lat' dir='ltr'>Praef.</span> <span class='ocrx_word' id='word_1_296' title='bbox 510 3024 579 3078; x_wconf 90' lang='lat' dir='ltr'>ad</span> <span class='ocrx_word' id='word_1_297' title='bbox 619 3023 901 3077; x_wconf 84' lang='lat' dir='ltr'>Dracontii</span> <span class='ocrx_word' id='word_1_298' title='bbox 934 3023 1194 3079; x_wconf 69' lang='lat' dir='ltr'>Hexaem.</span> <span class='ocrx_word' id='word_1_299' title='bbox 1234 3040 1268 3078; x_wconf 88' lang='lat' dir='ltr'>a</span> <span class='ocrx_word' id='word_1_300' title='bbox 1301 3024 1551 3078; x_wconf 90' lang='lat' dir='ltr'>Fabricio</span> <span class='ocrx_word' id='word_1_301' title='bbox 1588 3024 1764 3077; x_wconf 88' lang='lat' dir='ltr'>allati:</span> 
     </span>
    </p>

    <p class='ocr_par' dir='ltr' id='par_1_6' title="bbox 506 3090 2254 3298">
     <span class='ocr_line' id='line_1_37' title="bbox 506 3090 1942 3161; baseline -0.001 -15"><span class='ocrx_word' id='word_1_302' title='bbox 506 3091 711 3160; x_wconf 82' lang='lat' dir='ltr'>Quodsi</span> <span class='ocrx_word' id='word_1_303' title='bbox 747 3090 1022 3161; x_wconf 78' lang='lat' dir='ltr'>VirgiliuS,</span> <span class='ocrx_word' id='word_1_304' title='bbox 1059 3096 1115 3145; x_wconf 89' lang='lat' dir='ltr'>et</span> <span class='ocrx_word' id='word_1_305' title='bbox 1147 3097 1331 3147; x_wconf 80' lang='lat' dir='ltr'>vatum</span> <span class='ocrx_word' id='word_1_306' title='bbox 1367 3108 1620 3161; x_wconf 79' lang='lat' dir='ltr'>summuS,</span> <span class='ocrx_word' id='word_1_307' title='bbox 1658 3092 1942 3158; x_wconf 81' lang='lat' dir='ltr'>HomeruS,</span> 
     </span>
     <span class='ocr_line' id='line_1_38' title="bbox 513 3162 1798 3228; baseline 0 -17"><span class='ocrx_word' id='word_1_308' title='bbox 513 3162 796 3213; x_wconf 71' lang='lat' dir='ltr'>Censuram</span> <span class='ocrx_word' id='word_1_309' title='bbox 832 3177 1064 3213; x_wconf 79' lang='lat' dir='ltr'>meruere</span> <span class='ocrx_word' id='word_1_310' title='bbox 1097 3180 1280 3213; x_wconf 71' lang='lat' dir='ltr'>‘novam</span> <span class='ocrx_word' id='word_1_311' title='bbox 1309 3172 1426 3228; x_wconf 73' lang='lat' dir='ltr'>post</span> <span class='ocrx_word' id='word_1_312' title='bbox 1458 3164 1576 3218; x_wconf 79' lang='lat' dir='ltr'>fata</span> <span class='ocrx_word' id='word_1_313' title='bbox 1609 3162 1798 3227; x_wconf 71' lang='lat' dir='ltr'>subire,</span> 
     </span>
     <span class='ocr_line' id='line_1_39' title="bbox 508 3226 2254 3298; baseline -0.002 -16"><span class='ocrx_word' id='word_1_314' title='bbox 508 3227 682 3295; x_wconf 81' lang='lat' dir='ltr'>Quam</span> <span class='ocrx_word' id='word_1_315' title='bbox 717 3227 811 3281; x_wconf 88' lang='lat' dir='ltr'>dat</span> <span class='ocrx_word' id='word_1_316' title='bbox 848 3228 1212 3297; x_wconf 87' lang='lat' dir='ltr'>Aristarchus,</span> <span class='ocrx_word' id='word_1_317' title='bbox 1249 3229 1447 3298; x_wconf 88' lang='lat' dir='ltr'>Tucca,</span> <span class='ocrx_word' id='word_1_318' title='bbox 1483 3227 1802 3297; x_wconf 88' lang='lat' dir='ltr'>Variusque,</span> <span class='ocrx_word' id='word_1_319' title='bbox 1837 3226 2153 3294; x_wconf 88' lang='lat' dir='ltr'>Probusque</span> <span class='ocrx_word' id='word_1_320' title='bbox 2190 3253 2254 3266; x_wconf 88' lang='lat'>—-</span> 
     </span>
    </p>
   </div>
   <div class='ocr_carea' id='block_1_4' title="bbox 289 3311 2302 3518">
    <p class='ocr_par' dir='ltr' id='par_1_7' title="bbox 289 3311 2302 3518">
     <span class='ocr_line' id='line_1_40' title="bbox 289 3311 2301 3383; baseline 0.001 -19"><span class='ocrx_word' id='word_1_321' title='bbox 289 3359 294 3364; x_wconf 88' lang='lat'>.</span> <span class='ocrx_word' id='word_1_322' title='bbox 438 3315 511 3383; x_wconf 83' lang='lat'>1⁵)</span> <span class='ocrx_word' id='word_1_323' title='bbox 551 3312 923 3377; x_wconf 81' lang='grc' dir='ltr'><strong><em>Δοκιμώτατοι</em></strong></span> <span class='ocrx_word' id='word_1_324' title='bbox 981 3311 1031 3367; x_wconf 89' lang='grc' dir='ltr'><em>Γ</em></span> <span class='ocrx_word' id='word_1_325' title='bbox 1021 3314 1361 3383; x_wconf 82' lang='grc' dir='ltr'><strong><em>ραμματικοί</em></strong></span> <span class='ocrx_word' id='word_1_326' title='bbox 1399 3314 1547 3382; x_wconf 86' lang='lat' dir='ltr'>apud</span> <span class='ocrx_word' id='word_1_327' title='bbox 1590 3314 1788 3367; x_wconf 80' lang='lat' dir='ltr'>Athen.</span> <span class='ocrx_word' id='word_1_328' title='bbox 1834 3313 1935 3367; x_wconf 91' lang='lat'>111.</span> <span class='ocrx_word' id='word_1_329' title='bbox 1991 3327 2043 3378; x_wconf 88' lang='lat' dir='ltr'>p.</span> <span class='ocrx_word' id='word_1_330' title='bbox 2085 3315 2198 3365; x_wconf 89' lang='lat'>116.</span> <span class='ocrx_word' id='word_1_331' title='bbox 2234 3311 2301 3366; x_wconf 90' lang='lat' dir='ltr'>D.</span> 
     </span>
     <span class='ocr_line' id='line_1_41' title="bbox 300 3376 2302 3518; baseline 0 -85"><span class='ocrx_word' id='word_1_332' title='bbox 300 3376 793 3518; x_wconf 35' lang='grc' dir='ltr'>ῙΊ)ἶιιι,11ὲ,(,ἑ3,Κριτικῶν,</span> <span class='ocrx_word' id='word_1_333' title='bbox 839 3382 874 3434; x_wconf 82' lang='grc' dir='ltr'><strong><em>ὅ</em></strong></span> <span class='ocrx_word' id='word_1_334' title='bbox 912 3383 1061 3472; x_wconf 55' lang='lat' dir='ltr'>&amp;ortu</span> <span class='ocrx_word' id='word_1_335' title='bbox 1110 3383 1524 3453; x_wconf 79' lang='grc' dir='ltr'><strong><em>ἀκριβεστέρων</em></strong></span> <span class='ocrx_word' id='word_1_336' title='bbox 1561 3380 1976 3452; x_wconf 78' lang='grc' dir='ltr'><strong><em>Γραμματικῶν.</em></strong></span> <span class='ocrx_word' id='word_1_337' title='bbox 2048 3379 2302 3435; x_wconf 76' lang='lat' dir='ltr'>Eustath.</span> 
     </span>
    </p>
   </div>
   <div class='ocr_carea' id='block_1_5' title="bbox 306 1903 544 1916">
    <p class='ocr_par' dir='ltr' id='par_1_8' title="bbox 306 1903 544 1916">
     <span class='ocr_line' id='line_1_42' title="bbox 306 1903 544 1916; baseline 0 2084"><span class='ocrx_word' id='word_1_338' title='bbox 306 1903 544 1916; x_wconf 95' lang='lat' dir='ltr'> </span> 
     </span>
    </p>
   </div>
   <div class='ocr_carea' id='block_1_6' title="bbox 843 2060 1094 2070">
    <p class='ocr_par' dir='ltr' id='par_1_9' title="bbox 843 2060 1094 2070">
     <span class='ocr_line' id='line_1_43' title="bbox 843 2060 1094 2070; baseline 0 1930"><span class='ocrx_word' id='word_1_339' title='bbox 843 2060 1094 2070; x_wconf 95' lang='lat' dir='ltr'> </span> 
     </span>
    </p>
   </div>
  </div>
 </body>
</html>
