2734 4000
1247 216 1476 268 -102
1536 240 1603 250 -

420 380 547 423 rum
587 364 893 423 lectionem
943 363 1054 422 sibi
1091 361 1498 435 negligendam
1536 366 1904 435 putaverunt.
1984 364 2075 421 Ita
2112 361 2425 421 Prodicum

420 442 666 513 legimus
709 441 781 499 de
821 441 974 499 veris
1015 439 1405 513 potestatibus
1445 438 1854 498 vocabulorum
1894 445 1954 498 et
1994 441 2183 498 causis
2223 455 2425 497 earum

319 532 396 572 167
425 518 716 577 subtiliter
755 516 1084 590 disputasse
1098 516 1192 589 ³⁰),
1232 517 1487 588 itemque
1526 514 1910 588 Protagoram
1950 521 2009 575 et
2046 517 2254 574 Eleum
2280 516 2425 587 Hip-

422 597 580 669 piam
620 611 691 653 ea
728 595 899 668 plane
939 594 1261 651 instituisse
1299 597 1554 652 tractare
1569 637 1584 664 ,
1639 608 1790 664 quae
1847 593 2083 666 propria
2122 597 2256 651 sunt
2295 592 2428 650 doc-

422 679 522 731 tae
573 671 1070 744 interpretationis
1080 669 1172 742 ⁸1).
1254 670 1439 742 Quam
1491 666 1741 728 feliciter
1792 670 1906 742 illi,
1960 685 2242 742 quaerere
2283 669 2428 726 nihil

425 749 651 808 attinet.
739 749 891 808 Nam
948 748 1121 820 primi
1184 752 1424 806 conatus
1482 747 1632 804 tales
1683 762 1780 805 res
1832 746 1910 806 ad
1957 747 2431 820 praeceptionem

426 826 571 885 artis
619 824 929 883 revocandi
980 824 1128 883 adeo
1180 828 1314 882 sunt
1354 820 1647 895 difficiles,
1700 829 1767 882 ut
1807 824 2039 883 summis
2080 822 2326 897 ingeniis
2369 824 2431 879 in

424 904 498 961 iis
545 902 666 961 labi
721 902 898 959 liceat
948 901 1215 973 honeste,
1272 916 1423 972 quae
1473 916 1586 958 uno
1628 901 1859 961 saeculo
1899 905 2032 974 post
2073 901 2169 959 vix
2206 901 2428 958 tirones

426 980 660 1053 impune
709 979 988 1037 nesciant.
1078 978 1205 1050 Quo
1258 993 1330 1036 ex
1379 993 1594 1051 genere
1643 976 1788 1035 illud
1835 984 1959 1050 est,
2011 977 2167 1049 quod
2207 976 2279 1034 de
2318 993 2432 1034 usu

426 1056 757 1129 imperativi
792 1054 951 1116 modi
987 1055 1293 1113 verborum
1330 1053 1633 1126 praecepit
1669 1054 2023 1126 Protagoras
2042 1098 2057 1127 ‚
2122 1053 2433 1126 reprehen-

429 1132 572 1192 dens
611 1137 860 1205 poetam,
901 1131 1056 1204 quod
1080 1132 1312 1189 Musam
1349 1129 1746 1191 immodestius
1786 1131 2084 1190 invocarit.
2152 1130 2431 1203 Hippiam

429 1226 567 1269 vero
609 1211 783 1268 etiam
823 1209 883 1265 in
921 1208 1039 1267 suis
1080 1204 1412 1275 ἐπιδείξεσιν
1453 1207 1609 1280 apud
1651 1207 1955 1267 Platonem
1993 1209 2054 1265 in
2094 1207 2433 1279 cognomine

431 1286 664 1358 dialogo
702 1287 787 1345 ita
826 1285 1217 1358 disputantem
1256 1283 1514 1344 videmus
1557 1282 1631 1342 de
1673 1284 1928 1344 Homero
1956 1285 2199 1357 aliisque
2227 1284 2441 1357 poetiS,

430 1368 499 1422 ut
537 1362 612 1422 ad
653 1363 1044 1424 dubitationes
1087 1367 1146 1420 et
1185 1362 1554 1434 quaestiones
1595 1360 1669 1418 de
1708 1361 1936 1420 illorum
1958 1361 2281 1433 seutentiiS,
2320 1362 2435 1417 vir-

432 1440 653 1499 tutibus
695 1446 755 1498 et
793 1440 948 1498 vitiis
986 1439 1383 1511 responderet.
1448 1438 1618 1496 Unde
1658 1439 2027 1511 perspicuum
2066 1443 2156 1496 est
2193 1433 2439 1515 προβλή-

427 1536 588 1594 ματα
627 1533 732 1575 seu
771 1513 1013 1593 ἀπορίαις
1051 1521 1112 1575 et
1153 1510 1351 1581 λύσεις·-
1381 1515 1538 1587 illas,
1598 1516 1659 1572 in
1707 1515 1915 1586 quibus
1969 1520 2182 1587 postea
2222 1513 2437 1572 eruditi

434 1594 650 1652 alumni
688 1592 1077 1651 Alexandriae
1116 1597 1425 1665 tantopere
1466 1590 1809 1651 laborabant
1820 1589 1896 1662 ⁸2)
1911 1636 1925 1664 ,
1977 1593 2091 1650 iam
2153 1593 2213 1648 in
2251 1591 2438 1664 philo-

436 1671 744 1743 sophorum
794 1677 854 1728 et
893 1669 1292 1742 Sophistarum
1342 1669 1553 1728 scholis
1604 1667 1888 1727 celebrari
1948 1669 2232 1741 coepisse.
2309 1668 2438 1727 Nec

436 1746 669 1806 aliunde
709 1745 972 1805 ducenda
1012 1752 1146 1804 sunt
1182 1746 1350 1803 initia
1390 1744 1579 1804 critici
1618 1745 1823 1818 studii,
1878 1745 2032 1817 quod
2085 1746 2248 1819 ipsae
2299 1744 2436 1802 illae

436 1822 664 1901 ἀπορίαι
702 1824 897 1882 multis
938 1824 997 1881 in
1036 1822 1179 1881 locis
1219 1837 1578 1881 commovere
1618 1827 1950 1895 potuerunt.

588 1899 757 1958 Duae
795 1899 1121 1969 huiusmodi
1163 1898 1596 1958 emendationes
1637 1905 1950 1971 supersunt
1989 1898 2242 1972 Hippiae
2283 1897 2436 1955 Tha-

335 2001 411 2041 1es
436 1977 535 2050 sii,
588 1993 829 2050 quarum
880 1977 1118 2035 alterius
1172 1992 1245 2035 ne
1296 1976 1487 2036 locum
1527 1975 1759 2048 quidem
1798 1976 2213 2048 inveniremus,
2265 1973 2439 2046 (adeo

434 2060 690 2113 mutatus
747 2060 837 2112 est
885 2059 1077 2112 textus
1129 2057 1371 2125 noster,)
1432 2054 1545 2111 nisi
1593 2070 1723 2112 eum
1761 2052 2112 2112 Aristoteles
2152 2053 2212 2110 in
2250 2057 2439 2110 trans-

437 2148 611 2189 cursu
649 2130 1066 2203 indicassem).
1144 2130 1256 2189 Est
1294 2131 1393 2189 ille
1433 2130 1500 2188 Il.
1537 2128 1598 2196 β.
1632 2137 1741 2202 15.,
1782 2130 1881 2188 ubi
1920 2136 2043 2188 tum
2081 2145 2188 2202 pro
2226 2128 2438 2201 verbiS‚

445 2204 703 2285 Τρώεσσι
743 2205 810 2265 δὲ
851 2204 1013 2286 κήδε’
1057 2203 1089 2263 ἐ
1140 2207 1323 2276 ’ππ-αι,
1381 2207 1688 2279 legebatur
1724 2204 1849 2265 fere
1887 2211 1954 2264 ut
1993 2226 2056 2283 φ.
2099 2208 2249 2278 297.,
2290 2202 2443 2262 διΐσ-

435 2302 543 2421 ςεν
584 2283 654 2341 δέ
689 2282 744 2340 οἱ
781 2278 959 2363 εὖχος
999 2283 1074 2361 ἀρ
1109 2283 1264 2341 σθαι.
1330 2284 1575 2358 Impium
1601 2284 1935 2357 putabatur,
1977 2284 2172 2342 Iovem
2198 2283 2287 2340 his
2315 2297 2444 2340 ver-

480 2362 530 2420 is
570 2361 630 2419 id
670 2362 841 2434 plane
879 2362 1239 2435 promittere,
1280 2361 1433 2433 quod
1492 2367 1828 2419 eventurum
1876 2376 1992 2419 non
2042 2365 2224 2431 esset3
2278 2359 2448 2430 quasi

441 2440 502 2497 in
562 2438 770 2497 ceteris
820 2439 1043 2512 Iupiter
1105 2453 1271 2497 secus
1323 2443 1531 2511 ageret
1592 2454 1722 2497 cum
1779 2437 2214 2509 Agamemnone
2268 2451 2440 2507 quam

583 2704 655 2771 ³0)
687 2703 843 2757 Plato
881 2701 1090 2756 Charm.
1128 2718 1181 2770 p.
1221 2705 1333 2757 163.
1369 2701 1436 2755 D.
1473 2701 1618 2755 Men.
1643 2698 1889 2769 p.175.E.
1928 2698 2127 2766 Cratyl.
2163 2714 2217 2766 p.
2241 2700 2357 2754 384.
2383 2697 2447 2750 B.

581 2789 652 2855 31)
686 2788 768 2842 De
815 2787 1114 2855 Protagora
1160 2803 1211 2839 v.
1245 2787 1471 2841 Aristot.
1530 2786 1680 2841 Poet.
1720 2790 1798 2841 19.
1871 2784 2074 2839 Contra
2125 2783 2268 2852 quod
2324 2783 2451 2838 scri-

487 2856 617 2910 sisse
655 2855 846 2910 deinde
884 2855 1289 2924 GrammaticoS‚
1325 2861 1561 2923 arguunt
1596 2854 1787 2909 Scholl.
1826 2860 1882 2906 et
1916 2852 2073 2906 Eust.
2162 2892 2173 2904 .
2216 2855 2296 2906 10.
2365 2852 2451 2905 De

445 2872 650 2993 {lippia
685 2924 820 2978 Plat.
856 2924 1019 2992 Hipp.
1059 2924 1129 2976 ΙΙ.
1166 2939 1249 2991 pr.
1285 2924 1393 2978 Cic.
1431 2923 1496 2977 de
1532 2924 1621 2977 Or.
1658 2923 1760 2988 ΙΙΙ,
1795 2926 1899 2990 32,
1950 2920 2043 2974 ubi
2077 2868 2157 2973 ilfi
2191 2919 2451 2974 tribuitur

449 2992 683 3062 cognitio
720 2997 1002 3060 poetarum
1023 3032 1037 3060 ‚
1090 2993 1445 3061 universeque
1483 2991 1550 3047 de
1587 2990 1854 3059 Sophistis
1889 2990 2113 3044 Isocrat.
2149 2987 2450 3043 Panathen.

447 3078 501 3130 p.
538 3064 656 3116 436.
690 3065 808 3115 446.
845 3060 906 3113 Τ.
943 3061 1016 3114 ΙΙ.
1050 3061 1256 3128 Auger.

587 3147 659 3216 ³2)
696 3145 980 3215 Porphyrii
1022 3146 1195 3207 schor
1235 3146 1304 3200 ad
1343 3145 1407 3199 11.
1444 3164 1476 3198 ι,
1512 3148 1631 3200 684.

585 3232 656 3301 33)
694 3231 829 3286 Ibid.
863 3236 947 3287 25.
997 3238 1053 3285 et
1104 3247 1283 3299 praec.
1330 3230 1553 3284 Elench.
1604 3230 1828 3298 sophist.
1884 3244 1937 3350 ΙΙ).
1985 3231 2105 3283 284.
2144 3228 2230 3295 0.,
2276 3225 2369 3279 ubi
2404 3243 2455 3305 v.

448 3298 599 3356 Paoii
635 3299 926 3362 Comment.
963 3301 1162 3369 analyt.
1209 3299 1279 3354 ad
1314 3300 1567 3367 Organon
1604 3314 1659 3366 p.
1695 3302 1815 3353 485.
1920 3313 1957 3351 n
1990 3296 2084 3350 illo
2121 3311 2240 3363 cap.
2278 3294 2459 3348 Poeti-

450 3383 541 3422 ces
574 3367 734 3436 plura
768 3373 893 3422 sunt
925 3366 1219 3422 firmandae
1255 3372 1471 3422 nostrae
1506 3366 1748 3435 opinioni
1773 3365 1841 3421 de
1864 3364 2188 3434 antiquitate
2212 3362 2464 3418 Homeri-

452 3451 635 3489 corum
669 3436 1071 3505 προβλημάτων
1111 3442 1167 3490 et
1201 3435 1434 3490 λύσεων.
1521 3483 1547 3502 Ι,
