2734 4000
1102 269 1171 278 —
1231 242 1455 295 161—

286 391 385 463 qui
424 390 625 449 horum
656 406 923 449 versuum
960 391 1150 450 omnia
1192 391 1442 462 vestigia
1468 389 1665 448 deleta
1690 396 1823 449 sunt
1846 392 1906 448 in
1934 390 2277 450 doctissimis
2305 408 2382 450 m

287 468 528 528 Scholiis
558 474 618 525 et
643 467 718 525 ad
737 466 1058 526 Aristarchi
1084 468 1328 526 maxime
1355 468 1747 526 recensionem
1768 467 2083 526 adornatis.
2124 469 2279 541 Age-

288 545 424 603 dum
462 561 653 617 porro,
692 544 989 602 Plutarchi
1029 544 1227 603 evolve
1266 544 1473 617 locum,
1515 545 1613 602 ubi
1657 544 1842 617 docet,
1884 551 2131 616 quatuor
2158 562 2279 605 ver-

287 639 383 680 sus
423 621 482 678 in
519 621 821 680 Phoenicis
863 622 1123 680 oratione
1166 621 1238 680 ab
1265 620 1605 681 Aristarcho
1648 620 1905 680 sublatos
1948 638 2075 680 esse
2105 627 2165 680 et
2189 639 2281 681 re-

289 698 727 770 stituendos4⁷):
770 714 842 756 ne
883 698 942 756 hi
982 698 1213 771 quidem
1240 698 1298 756 in
1324 698 1634 757 Eustathio
1664 704 1767 757 aut
1794 698 2038 758 Scholiis
2065 700 2279 758 nostris

286 781 691 835 memorantur.
770 775 892 833 Iam
933 776 1259 834 convocatis
1301 776 1540 847 cunctis,
1583 776 1679 847 qui
1709 776 2061 836 coniectores
2090 777 2282 849 perhi-

286 852 497 911 bentur
538 858 597 910 et
636 853 984 924 interpretes
1013 854 1240 925 priscae
1269 853 1575 911 vetustatis
1605 858 1665 910 et
1689 850 1878 911 famae
1907 853 2189 925 sepultae,
2233 854 2282 910 si

286 946 485 987 verum
525 946 713 998 amas,
767 930 1029 988 consulta
1067 930 1392 1002 nobiscum,
1445 935 1636 986 utrum
1676 930 1756 1002 is,
1799 930 1896 1001 qui
1936 935 2024 988 tot
2063 946 2282 1002 versuS,

286 1004 437 1066 forte
477 1022 728 1078 casuque
770 1006 844 1063 ad
883 1011 1139 1066 nostram
1181 1012 1434 1065 aetatem
1477 1005 1717 1079 delatOS,
1761 1006 1886 1065 loco
1925 1007 2120 1079 movit,
2163 1013 2281 1079 aut,

289 1084 339 1141 si
385 1082 446 1140 id
484 1080 634 1142 forte
673 1083 731 1139 in
770 1082 1110 1155 quibusdam
1148 1084 1375 1142 illorum
1417 1088 1551 1141 ante
1600 1084 1787 1155 ipsum
1814 1083 1928 1141 iam
1954 1083 2282 1142 Zenodotus

287 1159 379 1218 vel
418 1160 519 1217 alii
555 1157 815 1218 fecerant
826 1159 902 1232 ⁴⁸)
923 1205 937 1232 ,
1002 1167 1194 1218 utrum
1234 1161 1332 1232 qui
1371 1161 1431 1217 in
1469 1160 1721 1219 Homero
1763 1161 1847 1218 sic
1884 1160 2098 1218 versati
2151 1166 2284 1218 sunt

290 1237 456 1308 quasi
484 1236 827 1304 exasciando
859 1242 918 1295 et
943 1237 1230 1310 poliendo,
1258 1238 1489 1309 integra
1517 1253 1696 1309 opera
1723 1237 1845 1295 eius
1869 1236 2119 1295 edidisse
2148 1253 2283 1309 que·
2305 1207 2468 1277 *Qum
2493 1250 2566 1273 ...-
2613 1266 2616 1269 -

290 1319 390 1372 ant
429 1313 629 1385 videri,
671 1330 746 1371 an
786 1313 1008 1386 aliquid
1047 1320 1283 1387 praeter
1309 1313 1411 1371 illa
1436 1313 1734 1386 recidisse,
1776 1313 1929 1386 quod
1953 1313 2125 1373 hodie
2151 1331 2285 1371 nus-

291 1407 461 1464 quam
501 1392 781 1463 supersit3
823 1391 1069 1463 denique
1109 1408 1243 1449 num
1283 1396 1507 1450 textum
1545 1391 1635 1449 vel
1676 1390 1988 1449 habeamus
2016 1391 2106 1448 vel
2121 1392 2285 1453 nori-

289 1484 416 1525 mus
459 1467 605 1526 adeo
634 1467 973 1527 Aristarcho
1015 1469 1389 1541 superiorem.
1458 1468 1683 1540 Quippe
1725 1467 1800 1525 ad
1825 1468 1976 1525 hunc
2000 1468 2060 1524 in
2086 1468 2285 1540 primis

290 1549 585 1604 auctorem
624 1541 960 1603 referendas
989 1561 1116 1604 esse
1143 1545 1348 1603 lituras
1376 1545 1535 1617 istaS,
1574 1544 1786 1603 collata
1812 1544 1962 1602 inter
1982 1561 2045 1602 se
2068 1549 2128 1602 et
2147 1560 2285 1617 pen-

289 1622 467 1680 sitata
505 1622 696 1680 omnia
733 1637 926 1680 rerum
952 1628 1241 1681 momenta
1269 1622 1496 1680 docent.
1564 1621 1779 1680 Verum
1807 1622 1954 1679 istae
1982 1622 2193 1680 liturae
2219 1628 2285 1679 ut

290 1696 523 1757 defendi
559 1699 783 1771 possint
809 1714 1022 1771 omneS,
1064 1702 1157 1768 (ac
1183 1699 1322 1757 mihi
1353 1698 1586 1771 quidem
1621 1699 1798 1757 etiam
1826 1698 2130 1757 Phoenicis
2158 1715 2283 1758 ver·
2310 1727 2385 1767 263

290 1792 388 1832 sus
427 1775 588 1833 uncis
630 1774 789 1846 digni
829 1774 1189 1848 videbantur,
1228 1777 1342 1833 nisi
1381 1792 1473 1833 me
1505 1776 1763 1847 gravium
1793 1781 1854 1833 et
1880 1782 2178 1834 acutorum
2205 1777 2280 1833 vi-

286 1869 481 1928 rorum
521 1867 828 1910 consensus
871 1852 1290 1924 deterruisset)
1331 1854 1565 1910 minime
1605 1858 1797 1910 tamen
1836 1852 2152 1925 probabilis
2195 1858 2284 1911 est

288 1929 388 1987 illa
426 1928 749 1987 Aristarchi
788 1929 966 1999 ratio,
1017 1946 1157 2003 qua,
1213 1930 1262 1987 si
1317 1927 1461 1988 fides
1504 1935 1594 1987 est
1632 1929 1962 2002 Athenaeo,
2014 1946 2184 1987 versu
2223 1931 2283 1986 in

288 2006 470 2065 Iliade
513 2006 704 2065 deleto
746 2007 1090 2065 sententiam
1131 2008 1436 2080 pervertit,
1491 2006 1849 2078 eundemque
1889 2023 2117 2065 versum
2158 2024 2282 2065 cum

291 2088 537 2155 quatuor
576 2083 703 2141 aliis
745 2085 931 2143 alieno
971 2085 1096 2144 loco
1123 2085 1422 2142 transtulit
1447 2085 1506 2141 in
1536 2082 1960 2156 Odysseam49).
2027 2083 2284 2143 Tametsi

285 2244 562 2313 Euripidis
611 2247 728 2313 (τὶν
768 2247 888 2324 μαῖ’
923 2242 1216 2314 Εὐριπίδην
1257 2244 1489 2325 ἔκδριζιν)
1538 2244 1722 2299 refert.
1795 2243 1964 2311 Atqui
1998 2243 2088 2295 hic
2124 2243 2282 2324 Euri·

285 2313 621 2436 pflsseegzcd
636 2276 815 2449 41:¹2?
829 2320 1239 2449 §.gaesa
1261 2318 1484 2434 {ras
1519 2310 2283 2435 ..Kassa-...As.ffi¹z¹qsr

284 2400 424 2505 ionis
469 2421 877 2518 opponebantur
911 2466 1010 2530 pro
1039 2518 1051 2529 .
1065 2449 1234 2528 Gatal‘⁸
1271 2453 1355 2504 65.
1410 2453 1572 2517 (558.)
1608 2466 1699 2529 ap.
1733 2448 1908 2527 Strab..
1945 2449 2127 2503 IX..
2164 2453 2282 2504 394.

288 2521 452 2587 (604.)
489 2535 563 2572 un
598 2534 721 2573 uam
756 2523 1002 2572 venerint
1035 2534 1092 2571 1n
1127 2522 1330 2586 scripta
1363 2518 1719 2585 exemplaria,
1773 2516 2007 2570 duhltarr
2077 2523 2283 2570 ortasse

287 2589 428 2642 licet.
500 2587 566 2642 Se
639 2586 782 2655 quod
816 2601 909 2642 eos
941 2586 1099 2640 hodie
1135 2601 1242 2639 non
1276 2585 1330 2639 in
1366 2585 1552 2640 ordine
1575 2585 1818 2654 legimuS,
1853 2585 1946 2638 vix
1970 2586 2061 2639 alii
2085 2585 2284 2640 Critico

289 2655 518 2711 debetur
550 2671 711 2724 quam
746 2654 1079 2710 Aristarcho.

423 2743 497 2810 4⁷)
540 2741 623 2796 De
671 2740 792 2794 aud.
829 2739 1004 2807 poetis
1037 2758 1090 2810 p.
1126 2745 1209 2795 26.
1245 2740 1311 2794 F.
1372 2739 1424 2792 ‘O
1475 2738 1663 2799 Φοῖνιξ
1714 2739 1799 2791 διὰ
1848 2740 1947 2810 τὴν
1984 2738 2283 2792 παλλακίδα

290 2810 602 2897 κατάρατρς
647 2809 750 2862 ὑπὸ
795 2812 894 2861 τοῦ
941 2810 1146 2879 πατρὸς
1188 2810 1540 2893 γενρμενοςζ
1572 2805 1697 2862 Τὸν
1751 2808 1869 2872 μὲν
1924 2808 2084 2876 ἐγὼ,
2148 2809 2281 2893 φηρὶ

287 2879 527 3002 {iet-‚dil
553 2878 596 3000 q
626 2876 1118 3015 ἓξὲξὲἕὶσταρχος
1151 2877 1379 2937 ἐξειλε
1415 2894 1637 2929 ταυτα
1670 2876 1748 2929 τὰ
1783 2875 1902 2945 ἔπη
1937 2877 2286 2946 φοβηθεις

426 3032 500 3099 48)
531 3032 651 3087 Hoc
683 3032 951 3087 Kusterus
986 3032 1294 3101 opponebat
1330 3031 1613 3100 Giphanio,
1650 3031 1852 3086 Histor.
1885 3031 2001 3086 crit.
2026 3031 2183 3085 Hom.
2208 3031 2283 3099 ΙΙ,

289 3106 340 3170 5,
357 3105 407 3156 3.
477 3099 584 3156 Sed
616 3108 814 3154 neuter.
834 3116 1048 3156 causam
1074 3115 1395 3169 cognoscere
1418 3100 1596 3168 potuit
1616 3105 1731 3153 tum
1754 3105 1979 3169 propter
2000 3099 2292 3168 penuriam·

291 3169 609 3224 tabularum.

426 3255 499 3327 49)
533 3255 731 3310 Athen.
766 3253 859 3311 IV.
892 3271 1019 3323 pag.
1063 3259 1175 3311 180.
1211 3271 1268 3310 se
1309 3294 1323 3308 .
1373 3270 1478 3324 quo
1525 3253 1641 3308 loco
1693 3252 1872 3307 nullus
1913 3258 1997 3306 est
2030 3253 2281 3321 omnium,

292 3324 386 3395 qui
420 3329 544 3378 sunt
578 3322 644 3377 de
679 3323 1012 3392 Aristarcho,
1045 3340 1282 3379 memora
1319 3323 1455 3378 ilior.
1495 3321 1839 3389 Quapropter
1856 3336 2017 3389 saepe
2042 3337 2159 3374 sum
2185 3322 2281 3374 mi-

289 3399 456 3461 ratuS,
492 3407 603 3459 cur,
640 3408 803 3461 quum
827 3393 873 3446 is
894 3392 1044 3446 locus
1070 3392 1240 3447 doctis
1264 3391 1558 3448 editoribus
1583 3390 1713 3444 satis
1736 3397 1895 3445 notus
1918 3388 2097 3457 fuerit,
2116 3394 2282 3458 atque

289 3461 430 3517 bene
455 3460 738 3528 explicitus
761 3475 796 3515 a
818 3459 1152 3529 GasaubonO,
1187 3460 1388 3531 (Clark.
1413 3460 1575 3515 etiam
1599 3457 1763 3513 verba
1784 3457 2079 3527 apposuit,)
2101 3462 2282 3512 tamen

342 3557 517 3608 Wolf,
540 3557 876 3607 Ptol-gomont.
1647 3613 1654 3620 .
1926 3557 1975 3595 11

2571 1222 2604 1259 ³·
