2734 4000
1209 241 1432 299 -147
1490 273 1561 282 -—

398 398 527 456 eius
568 398 776 456 multas
819 402 879 455 et
920 396 1184 469 egregias
1223 395 1517 468 lectioneS,
1557 396 1769 469 partim
1807 396 1979 469 vulgo
2018 404 2285 472 receptas
2309 400 2384 458 ab

392 475 659 534 omnibus
671 473 764 547 ²4),
804 476 1018 548 partim
1056 470 1470 546 praeferendas
1508 474 1614 546 his,
1656 489 1804 545 quae
1843 480 2113 546 receptae
2141 475 2386 551 sunt2⁵);
2411 504 2490 545 240

387 551 652 610 videmus
694 567 823 610 eum
851 567 922 610 ex
950 551 1341 625 discrepantia
1365 551 1613 623 plurium
1638 551 1947 609 lectionum
1975 567 2101 610 eam
2127 550 2249 612 fere
2270 555 2386 612 ele-

389 631 578 701 gisse,
632 644 780 703 quae
820 628 1128 687 Homerico
1177 629 1408 701 ingenio
1458 633 1518 686 et
1556 627 1957 687 consuetudini
1995 629 2220 702 ipsique
2258 632 2384 691 loco

529 863 601 929 24)
634 861 794 916 Locis
827 860 1133 927 innumeriS,
1167 858 1262 912 ubi
1293 858 1351 911 id
1373 874 1592 926 prorsus
1614 859 1906 926 nescimus;
1938 860 2073 930 aliis,
2096 861 2154 915 in
2176 862 2386 930 quibus,

395 931 608 985 collatis
643 930 886 985 omnibus
921 927 1302 986 instrumentis,
1336 932 1545 981 tantum
1566 928 1853 982 verisimile
1876 927 1954 997 fit,
1989 930 2391 985 Aristarcheam

399 1001 665 1054 rationem
700 999 756 1052 in
789 998 1007 1066 vulgato
1043 1001 1198 1050 textu
1232 1000 1416 1050 nostro
1452 1011 1594 1063 esse3
1630 998 1811 1051 multis
1837 998 2083 1066 denique,
2118 999 2175 1052 in
2199 999 2392 1066 quibus

399 1084 520 1122 rem
557 1082 699 1121 nunc
733 1067 950 1120 tandem
986 1063 1353 1132 comperimus,
1427 1063 1592 1118 Verbi
1628 1081 1707 1132 gr.
1744 1066 1801 1132 β.
1825 1067 1942 1136 397.
1978 1067 2244 1134 γένωνται
2277 1068 2393 1136 (alii

407 1135 712 1191 scribebant
745 1136 981 1204 γένηται.
1022 1151 1071 1187 v.
1103 1133 1235 1201 Cap.
1272 1132 1495 1199 XLHI.)
1531 1134 1576 1190 δ.
1612 1138 1730 1189 299.
1769 1133 2001 1186 ἔλασσεν
2041 1135 2130 1203 (al.
2155 1135 2394 1207 ἔεργεν.)

403 1224 453 1259 ε.
490 1206 607 1260 797.
643 1204 864 1273 τείρετο
913 1202 1003 1271 (al.
1038 1200 1313 1271 τρίβετο.)
1365 1220 1414 1271 η.
1452 1206 1570 1256 213.
1620 1201 1790 1268 βιβάς
1836 1203 1950 1270 (alii
1982 1204 2192 1270 βιβῶν,
2249 1205 2395 1273 quod

405 1275 579 1342 ipsum
624 1278 805 1326 tamen
854 1291 900 1324 ο.
935 1273 1053 1326 307.
1100 1269 1356 1324 tribuitur
1405 1271 1745 1334 Aristarcho)
1795 1290 1826 1322 ι.
1873 1275 1990 1326 310.
2035 1274 2257 1342 φρονέω
2325 1274 2393 1330 al.

401 1342 661 1412 κρανέω.)
718 1360 773 1404 μ.
820 1344 904 1394 30.
966 1339 1217 1408 ἐποίησεν
1283 1338 1376 1406 (31.
1424 1338 1461 1392 f.
1521 1339 1816 1409 ἐποίησαν.)
1880 1344 1991 1394 142.
2057 1343 2243 1402 ἐόντες
2301 1275 2393 1410 gal.

405 1412 646 1476 ἐόντας.)
686 1428 729 1463 ν.
753 1413 869 1464 246.
907 1410 1171 1479 θεράπων
1205 1403 1301 1466 ἐὸς
1333 1407 1423 1474 (al.
1459 1407 1823 1476 δουρίκλυτος.
1896 1407 1984 1461 Ex
2007 1408 2115 1477 illo,
2152 1411 2394 1478 quiante

403 1481 471 1533 A.
507 1479 689 1546 inepte
726 1477 1061 1532 scribebatur
1111 1475 1503 1545 Θεραπωνεύς,
1551 1476 1688 1532 Sicut
1727 1473 2043 1543 Ἐτεωνεύς,
2091 1478 2301 1532 HarleS.
2337 1478 2396 1533 in

401 1547 543 1602 Bibl.
579 1546 739 1600 Fabr.
776 1548 929 1602 nobis
962 1545 1093 1599 facit
1129 1545 1547 1599 Grammaticum
1581 1545 1882 1599 Eteoneum
1896 1586 1909 1613 ‚
1953 1553 2014 1600 ut
2048 1546 2394 1601 Xenodocum

407 1632 478 1670 ex
510 1615 761 1669 Eustath.
814 1615 885 1668 ad
934 1634 985 1683 r.
1022 1618 1163 1681 354.)
1219 1618 1337 1668 415.
1398 1614 1550 1669 ἰόντα
1603 1613 1695 1682 (al.
1734 1613 1770 1669 f.
1808 1614 2014 1682 ἐόντα.)
2061 1619 2178 1670 446.
2230 1616 2296 1685 δή
2342 1635 2395 1669 τι

402 1684 653 1748 ἐΐσκομεν
709 1683 799 1751 (31.
854 1684 921 1753 δή
957 1701 1010 1735 τι
1061 1685 1121 1735 σ’
1158 1683 1310 1748 ἐΐσκ.)
1362 1681 1411 1741 ξ.
1448 1687 1532 1735 40.
1567 1681 1742 1751 πτῆξε
1800 1681 1891 1750 (31.
1927 1684 2107 1753 πῆξε.)
2168 1685 2280 1739 157.
2333 1690 2396 1738 ut

407 1773 455 1807 υ.
488 1758 575 1808 59.
614 1757 670 1806 et
706 1750 834 1806 alibi
869 1751 1222 1811 πολυπίδακος
1267 1749 1357 1819 (al.
1394 1752 1794 1814 πολυπιδάκου.)
1830 1769 1876 1803 0.
1913 1756 1996 1806 64.
2034 1752 2296 1806 ἀνστ’σει
2330 1753 2395 1805 ὃν

405 1823 632 1891 ἑταῖρον
670 1821 760 1888 (al.
798 1821 1119 1889 ἀνστήσειεν
1160 1821 1412 1888 ἑτ.)“187.
1459 1822 1509 1872 τ’
1560 1822 1619 1872 ἐκ
1654 1815 1868 1889 Κρόνου
1904 1821 1994 1889 (al.
2032 1838 2095 1873 τε
2182 1822 2394 1892 ρόνου.)

409 1894 529 1944 621.
591 1889 765 1960 αὐτήν
823 1889 911 1957 (al.
953 1888 1156 1959 ἀκτήν.)
1215 1908 1269 1941 π.
1307 1891 1390 1942 31.
1450 1888 1720 1958 Αἰναρέτη
1781 1887 1869 1956 (31.
1907 1889 2243 1960 Αἰναρέτης.)
2277 1893 2395 1945 261.

403 1959 629 2031 ἔχοντας
665 1959 754 2028 (al.
792 1957 1052 2030 ἔχοντες.)
1086 1976 1141 2028 ρ.
1179 1960 1295 2015 637.
1332 1958 1485 2028 δεῦρ’
1518 1958 1791 2026 ὁρόωντες
1824 1957 1914 2024 (31.
1953 1962 2045 2012 νῦν
2083 1959 2393 2029 ὁρόωντες.)

407 2049 458 2081 υ.
491 2032 575 2082 28.
613 2030 678 2080 τέ
712 2046 800 2093 μιν
840 2027 928 2094 (al.
965 2026 1022 2079 τί
1048 2030 1178 2096 μιν.)
1215 2033 1350 2095 114.,
1386 2036 1447 2081 ut
1482 2046 1530 2081 0.
1568 2031 1697 2095 127.,
1734 2028 1767 2095 ἡ
1804 2027 1868 2079 δ’
1902 2024 2090 2093 ἄμυδις
2123 2028 2215 2095 (al.
2238 2029 2271 2099 ἦ
2298 2030 2396 2096 δὲ.)

403 2099 465 2163 ψ.
507 2100 585 2150 18.
643 2097 1014 2166 ἀνδροφονοῢς
1071 2096 1161 2165 (al.
1196 2098 1300 2149 ἀνδ
1337 2096 1577 2166 οφόνου.)
1631 2116 1691 2149 ω.
1732 2100 1843 2150 125.
1897 2096 2070 2167 κλισίῃ
2130 2097 2219 2165 (al.
2255 2096 2395 2165 plur.

405 2165 656 2235 κλισίῃς,)
689 2170 808 2220 344.
844 2165 1027 2217 ἐθέλει
1062 2165 1151 2233 (al.
1187 2166 1286 2217 ἐθέ
1320 2172 1397 2236 ῃ.)
1431 2168 1548 2219 546.
1590 2161 1704 2216 Τῶν
1742 2165 1833 2232 (al.
1877 2163 2001 2232 Τῶ.)
2037 2171 2137 2219 etc.
2209 2165 2395 2233 Levia,

405 2232 602 2301 fateor,
638 2239 762 2288 sunt
797 2233 903 2287 ista
934 2250 1021 2286 ma
1059 2249 1182 2286 nam
1216 2243 1443 2302 partem,
1479 2248 1580 2286 nec
1615 2232 1796 2301 qualia
1829 2248 1864 2287 a
1896 2217 2140 2290 Bentleio
2163 2234 2396 2288 Alexan-

409 2301 565 2356 drino
603 2308 910 2370 exspecteS,
956 2317 1012 2354 se
1093 2301 1235 2356 bona
1276 2308 1461 2355 tamen
1505 2309 1562 2355 et
1595 2301 1856 2369 appositis
1891 2302 2169 2370 scripturis
2204 2303 2395 2357 merito

400 2370 665 2438 praelata.
737 2370 948 2437 Sumpsi
982 2376 1161 2424 autem
1196 2371 1348 2439 haec,
1384 2386 1492 2425 non
1528 2370 1681 2436 elegi.

546 2454 619 2522 2⁵)
653 2455 774 2509 Hoc.
819 2471 852 2509 a
886 2472 972 2510 me
1018 2456 1232 2525 saepius
1276 2456 1478 2510 factum
1513 2461 1612 2523 est,
1657 2456 1815 2510 modo
1853 2455 2182 2510 constantiae
2218 2471 2396 2527 causa,

414 2523 573 2577 modo
609 2531 833 2592 propter
865 2525 1201 2580 manifestam
1236 2525 1622 2593 praestantiam
1657 2540 1854 2579 earum.
1925 2523 2000 2578 Ut
2034 2525 2080 2577 δ.
2114 2528 2236 2579 235.
2269 2527 2396 2591 ψευ·

408 2593 565 2644 δέσσι
600 2608 698 2659 pro
736 2593 1003 2658 ψεύδεσσι
1037 2594 1071 2646 i.
1110 2610 1154 2647 e.
1193 2596 1461 2660 ψευσταίς
1494 2609 1546 2661 p.
1582 2594 1826 2660 ψεύδεσι.
1875 2611 1906 2645 ι.
1943 2595 2061 2648 317.
2098 2600 2154 2646 et
2186 2613 2243 2663 ρ.
2285 2598 2396 2649 148.

406 2660 498 2713 ἐπ’
538 2660 773 2730 ἀνδράσι
806 2677 859 2730 Ρ.
893 2665 1029 2726 μετ’
1083 2663 1331 2732 ἀνδράσι.
1379 2662 1424 2716 λ.
1460 2666 1546 2716 40.
1600 2662 1673 2725 ἀμ
1719 2662 2009 2731 ιστρεφέες
2049 2677 2103 2729 Ρ.
2139 2663 2397 2731 ἀμφιστε-

403 2730 556 2798 φέες.
594 2731 709 2785 672.
756 2729 1024 2851 βοηλασίὲ
1076 2746 1128 2798 p.
1174 2731 1476 2802 βοηλασίῃς
1524 2728 1614 2784 vel
1657 2681 1973 2800 ,ἔοηλασίηκ
2012 2729 2063 2789 ἔ.
2100 2734 2216 2785 235.
2255 2732 2396 2786 ἰδέω.

407 2814 461 2865 Ρ.
511 2797 685 2851 εἰδέω.
736 2817 778 2852 ο.
823 2803 936 2853 114.
1021 2799 1037 2820 ’
1088 2798 1214 2859 ἔπος
1258 2798 1399 2869 ηὔδα
1444 2815 1497 2866 p.
1546 2799 1606 2850 δὲ
1650 2799 1943 2869 προςηύδα.
1999 2803 2114 2854 450.
2165 2800 2395 2862 ἱεμένων

407 2882 460 2933 Ρ.
499 2866 713 2936 ἱεμένῳ,
769 2868 1094 2935 (quanquam
1132 2868 1293 2920 etiam
1326 2867 1454 2921 huic
1487 2868 1703 2935 ineptae
1740 2867 2054 2935 scripturae,
2089 2866 2249 2921 hodie
2283 2867 2397 2922 vul-

405 2941 586 3002 gatae,
620 2935 923 2989 Aristarchi
959 2938 1251 2990 auctoritas
1287 2935 1530 3004 additur,
1582 2952 1650 2989 ex
1692 2936 1873 3004 priore
1909 2935 2091 2990 forsan
2113 2936 2398 3003 editione.)

408 3022 454 3056 0.
491 3006 575 3056 24.
612 3004 786 3066 θυμόν
824 3019 877 3071 Ρ.
914 3005 1102 3067 θυμός.
1161 3024 1215 3057 π.
1250 3007 1367 3059 633.
1405 3004 1612 3074 ὀρώρει
1647 3020 1699 3071 Ρ.
1737 3004 1973 3074 ὄρωρεν.
2036 3024 2082 3059 υ.
2122 3008 2205 3059 35.
2240 3005 2395 3057 κέκα-

403 3088 536 3122 σται
571 3085 623 3137 Ρ.
664 3072 897 3125 κέκαστο
931 3074 1013 3127 77.
1060 3072 1298 3136 μάλιστά
1334 3073 1382 3125 ἑ.
1416 3089 1470 3141 Ρ.
1517 3073 1754 3136 μάλιστά
1787 3092 1869 3141 γε.
1909 3075 1968 3138 ψ.
2003 3074 2120 3127 287.
2157 3069 2254 3141 ἄγε
2293 3074 2395 3125 θεν

403 3154 462 3206 p.
503 3137 755 3207 ἔγερῦεν.
825 3140 900 3194 Et
936 3145 1060 3194 sunt
1095 3141 1216 3206 alia,
1252 3140 1311 3195 in
1345 3140 1537 3210 quibus
1571 3140 1855 3195 admodum
1888 3157 2094 3209 vereor,
2126 3156 2194 3194 ne
2290 3141 2399 3193 turi

412 3205 519 3259 sint
554 3206 710 3259 multi
787 3209 880 3276 qui
929 3208 1239 3263 tarditatem
1274 3225 1447 3263 meam
1481 3208 1756 3264 mirentur.
1825 3207 1901 3263 Ut
1932 3209 1989 3275 β.
2024 3213 2141 3263 462.
2177 3209 2397 3278 ἀγαλλό-

403 3290 653 3393 μεναῶΡ.
708 3247 1106 3345 ἀγαλλόμεναι·
1129 3295 1182 3348 η.
1229 3282 1349 3332 420.
1402 3278 1716 3348 ὧτρόνοντο
1766 3279 1828 3347 (s.
1875 3277 2190 3347 ὀτρύνοντο)
2248 3279 2399 3337 νέκυς

412 3358 512 3412 pro
610 3361 806 3412 τρυνον
857 3349 1064 3405 νέκυας.
1109 3365 1140 3399 ι.
1179 3350 1297 3401 505.
1346 3346 1410 3397 εὖ
1448 3347 1660 3410 ομένοιο
1705 3362 1761 3415 Ρ.
1799 3345 2136 3410 εὐξαμένοιο.
2184 3344 2232 3404 Ε.
2282 3347 2395 3400 173.

409 3411 555 3463 κατά
606 3428 659 3479 Ρ.
702 3415 838 3467 ποτί.
898 3434 942 3468 τ.
981 3419 1063 3469 95.
1117 3413 1258 3474 Ζεύς
1308 3430 1363 3482 Ρ.
1448 3420 1568 3484 ῆνα.
1620 3434 1676 3482 φ.
1714 3416 1831 3470 587.
1890 3414 2060 3466 οἱκαὶ
2110 3429 2164 3483 Ρ.
2201 3410 2257 3465 οἵ
2284 3430 2399 3474 κεν,

411 3500 474 3532 ω.
511 3484 628 3534 241.
667 3483 940 3535 ὀνόσασθε
976 3499 1029 3551 Ρ.
1065 3481 1320 3538 οὔνεσθε.
1359 3488 1461 3538 etc.

2021 3578 2090 3620 10·
2106 3601 2119 3622 e
