2734 4000
1231 196 1448 255 ...ης
1517 227 1589 240 ..-

422 349 803 409 Alexandrini
839 349 957 422 isti,
997 350 1201 421 inquit,
1241 346 1414 407 defixi
1451 348 1512 406 in
1550 348 1846 407 vocabulis
1889 355 1949 408 et
1975 349 2228 424 syllabis,
2268 351 2426 412 vide-

424 428 563 486 licet
577 428 711 485 'nati
736 432 871 485 ante
890 427 1181 485 inventam
1205 413 1646 499 philosophiam,
1687 441 1860 497 quam
1890 425 2151 495 dicimus»,
2189 429 2420 499 artium.

428 503 511 563 At
548 519 624 562 ne
662 509 826 562 vates
867 503 1100 574 quidem
1139 504 1266 576 ipse
1304 500 1419 560 fuit
1455 502 1849 575 philosophus,
1889 518 2059 574 quem
2084 509 2306 563 tantam
2334 523 2425 565 ar-

321 587 397 628 12⁵
426 587 548 640 tem
599 596 855 639 summae
902 580 1150 640 actionis
1197 596 1305 653 per
1352 579 1629 651 ambages
1683 579 2071 653 episodiorum
2107 581 2425 641 volvendae

428 657 806 718 abscondisse
845 662 1103 716 narrant.
1179 657 1330 716 Nam
1367 655 1769 715 absconditam
1806 657 1964 716 illam
2004 673 2133 716 esse
2172 664 2425 732 oportet,

426 734 895 807 quandoquidem
927 739 1165 807 praeter
1202 733 1577 792 Aristotelem
1619 739 1680 791 et
1717 739 1853 791 ante
1894 749 2024 792 eum
2062 732 2424 807 paucissimis

85 846 105 861 ..
131 848 146 861 .
177 824 210 867 ι.
251 832 388 871 22...
418 817 677 871 veterum
717 810 1073 883 subqluitffl).

580 888 787 947 Gravis
827 888 922 946 hic
959 889 1021 946 in
1059 887 1261 961 primis
1286 885 1492 945 haberi
1519 885 1694 946 debet
1719 887 2036 946 auctoritas
2065 887 2422 960 Cyclicorum

425 969 731 1038 poetarum
770 966 1153 1037 aliorumque,
1202 964 1303 1036 qui
1339 963 1593 1022 Homero
1635 969 1832 1022 aetate
1872 965 2116 1038 proximi
2168 963 2419 1026 fuerunt.

319 1046 398 1087 1²⁶
429 1041 630 1105 Pauca
670 1048 821 1115 sunt,
862 1057 1013 1114 quae
1053 1041 1127 1100 de
1165 1041 1282 1099 illis
1308 1038 1677 1114 constent92),
1719 1041 1832 1099 etsi
1872 1058 1971 1100 eos
1999 1058 2265 1115 magnam
2291 1060 2423 1116 par-

423 1124 541 1177 tem
597 1119 787 1177 adhuc
823 1120 1063 1178 Nonnus
1102 1134 1232 1176 cum
1271 1117 1403 1176 aliis
1442 1116 1804 1189 antiquitatis
1844 1117 2119 1187 studiosis
2160 1121 2425 1191 gnaviter
2453 1114 2687 1231 μμἽ

424 1196 719 1254 tractavit.
786 1196 853 1253 In
892 1196 1008 1254 illis
1048 1195 1268 1270 paucis,
1310 1210 1461 1266 quae
1501 1195 1730 1268 scimu8,
1770 1196 1879 1253 hoc
1918 1201 2010 1254 est
2033 1196 2278 1255 maxime
2306 1213 2423 1259 me·
2653 1206 2672 1238 z

428 1273 740 1343 morabile‚⁴
766 1273 922 1344 quod
951 1272 1164 1346 Cyclici
1189 1288 1385 1331 omnes
1412 1271 1558 1330 haec
1583 1271 1893 1330 Homerica
1920 1270 2166 1331 artificia
2189 1275 2283 1331 vel
2309 1290 2422 1333 non

424 1349 970 1420 animadverterunt,
1011 1351 1104 1409 vel
1144 1349 1216 1408 ab
1257 1347 1596 1421 aequalibus
1639 1348 2040 1408 animadversa
2076 1349 2294 1408 imitari
2320 1357 2423 1409 aut

424 1426 734 1485 noluerunt
758 1432 861 1485 aut
885 1443 998 1487 non
1017 1431 1349 1500 potuerunt.
1398 1424 1631 1484 Etenim
1663 1428 1824 1498 legat
1849 1426 2014 1486 nobis
2054 1427 2261 1498 aliquis
2304 1428 2424 1501 epi-

416 1509 601 1562 tomas
640 1503 769 1562 illas
812 1503 1152 1577 Cypriorum
1194 1510 1253 1562 et
1292 1503 1536 1562 aliorum
1577 1505 1827 1575 quinque
1869 1502 2198 1562 carminum
2236 1519 2425 1577 nuper

424 1579 611 1639 editas
622 1580 717 1653 9³),
764 1586 823 1639 et
862 1582 1212 1654 experiatur,
1255 1597 1328 1637 an
1348 1580 1409 1637 in
1436 1581 1554 1639 ullo
1584 1596 1781 1640 eorum
1807 1580 2143 1653 primarium
2167 1579 2421 1654 heroem,

420 1663 522 1716 aut
559 1657 892 1731 primariam
932 1658 1234 1730 actionem,
1276 1662 1380 1716 aut
1417 1658 1730 1730 repetitam
1758 1673 1829 1715 ex
1855 1656 2059 1716 mediis
2087 1657 2262 1716 rebus
2289 1673 2421 1716 nar-

557 1885 629 1945 91)
663 1884 876 1939 Novum
909 1884 1014 1938 hoc
1048 1898 1236 1937 ausum
1272 1890 1373 1953 est,
1409 1884 1496 1937 cui
1530 1882 1732 1939 tuendo
1767 1898 1877 1937 una
1897 1883 2120 1952 plagula
2143 1901 2251 1940 non
2275 1883 2421 1939 suffi-

425 1956 549 2010 ciat.
607 1953 859 2023 Plerique
895 1952 995 2007 sibi
1032 1952 1087 2007 id
1122 1951 1447 2007 videbuntur
1481 1967 1550 2007 ex
1572 1952 1801 2008 Horatio
1828 1952 1957 2008 satis
1981 1951 2220 2009 refutare
2243 1969 2419 2024 posse.

426 2023 583 2091 Quod
618 2022 1063 2091 quemadmodum
1098 2022 1205 2076 sint
1239 2021 1453 2086 facturi,
1487 2021 1592 2089 ipsi
1608 2021 1855 2076 viderint.
1891 2021 2005 2076 Nos
2027 2038 2170 2078 nunc
2195 2023 2261 2078 de
2285 2042 2419 2075 com-

427 2096 574 2145 mum·
619 2093 857 2157 opinione
902 2092 1228 2157 antiquitatis
1263 2089 1599 2158 quaerimus,
1653 2105 1793 2159 quae
1827 2090 2199 2158 cognoscenda
2234 2097 2317 2146 est
2350 2107 2422 2146 ex

426 2161 661 2229 antiquis
695 2159 875 2228 Intpp.
911 2159 1126 2228 Iliados,
1163 2174 1233 2214 ex
1264 2158 1543 2212 rhetorum
1578 2163 1635 2212 et
1657 2157 1911 2212 similium
1934 2159 2254 2227 scriptorum
2273 2159 2421 2214 locis.

424 2229 576 2284 Haec
610 2228 789 2284 omnia
824 2227 1102 2283 conferant
1136 2226 1214 2281 illi
1247 2240 1469 2281 necesse
1504 2232 1602 2294 est,
1640 2232 1930 2295 antequam
1967 2226 2171 2295 aliquid
2205 2227 2423 2295 gravius

422 2298 477 2351 in
511 2314 683 2352 meam
719 2296 999 2350 audaciam
1034 2301 1290 2350 statuant.
1349 2294 1576 2348 Omnino
1599 2310 1728 2349 vero
1765 2293 2104 2349 utilissimum
2129 2300 2287 2362 esset,
2324 2311 2421 2349 un-

423 2364 704 2434 decunque
740 2365 966 2419 collecta
1000 2381 1163 2418 unum
1198 2364 1254 2416 in
1289 2363 1465 2418 locum
1500 2362 1719 2426 habere,
1793 2378 1897 2417 uae
1932 2362 2155 2417 inlibris
2178 2370 2421 2418 veterum

423 2433 509 2488 vel
544 2438 840 2502 praecepta
874 2433 940 2488 de
974 2438 1091 2487 arte
1126 2432 1355 2501 poetica,
1391 2431 1479 2485 vel
1514 2431 1715 2488 iudicia
1787 2447 1817 2486 e
1850 2432 2029 2500 poetis
2056 2431 2167 2485 suis
2191 2431 2421 2499 sparsim

424 2501 693 2581 leguntur.
752 2502 1022 2557 Docerent
1045 2517 1127 2570 ea,
1162 2501 1219 2555 ni
1249 2499 1422 2567 fallor,
1459 2515 1581 2563 cum
1604 2500 1836 2568 optimiS‚
1873 2514 2013 2568 quae
2037 2505 2267 2568 exstant,
2291 2499 2419 2555 Car·

428 2570 659 2625 minibus
693 2577 1022 2639 comparata,
1069 2588 1226 2637 quam
1253 2587 1368 2621 aero
1408 2567 1599 2621 Graeci
1632 2571 1691 2620 in
1719 2570 1867 2636 poesi
1900 2569 2179 2621 didicerim
2213 2577 2420 2621 totum

410 2658 691 2707 ponere,
730 2654 794 2693 ac
829 2654 897 2693 ne
920 2638 1205 2694 Horatium
1243 2636 1476 2708 quidem,
1512 2636 1604 2759 ‹ffii
1628 2636 1763 2691 illud
1797 2636 2079 2715 praecipit,
2114 2636 2231 2716 eius
2262 2650 2420 2704 prae·

421 2707 567 2776 cepti
624 2707 841 2762 eosdem
893 2707 1028 2762 fines
1081 2721 1145 2762 ac
1207 2711 1419 2761 nostros
1480 2721 1519 2774 p
1561 2704 1573 2716 ‘
1599 2704 1832 2774 osophos
1875 2709 2230 2776 constltuisse.
2315 2703 2419 2773 [Cf.

416 2775 707 2830 Boeckh.
757 2777 823 2830 de
872 2776 1032 2844 Trag.
1071 2775 1163 2831 Gr.
1198 2792 1252 2844 p.
1287 2774 1558 2842 267.sqq.]
1629 2772 1808 2828 Erunt
1858 2772 1996 2828 haec
2040 2772 2332 2840 praecipue
2366 2772 2421 2826 ei

420 2844 782 2915 disquirenda,
819 2845 912 2913 qui
947 2845 1190 2899 dramata
1209 2843 1537 2899 Graecorum
1574 2842 1645 2897 ad
1679 2843 1934 2911 antiquae
1969 2840 2102 2895 artis
2136 2840 2282 2908 leges
2307 2839 2418 2893 exi-

419 2929 548 2980 gere
593 2912 755 2967 volet.
827 2912 1031 2981 Quodsi
1074 2913 1130 2967 in
1173 2911 1258 2966 his
1304 2909 1522 2978 saepius
1555 2910 1624 2964 ab
1659 2910 1917 2965 historica
1950 2908 2159 2988 ratione
2195 2905 2419 2962 deflexit
2677 2919 2689 2992 4¹

417 2982 764 3045 Aristoteles,
811 2988 962 3037 tanto
1008 2980 1178 3050 magis
1224 2977 1545 3035 admiranda
1594 2985 1677 3032 est
1710 2979 1814 3034 viri
1845 2982 2235 3046 perspicacitas
2249 3015 2263 3044 ,
2309 2990 2420 3045 qua
2686 2999 2687 3038 χ

413 3052 688 3107 saeculum
722 3067 875 3106 suum
911 3050 1297 3119 praecucurrit.

557 3137 629 3199 ⁹2)
666 3135 905 3190 Collecta
937 3136 1089 3204 haec,
1136 3135 1238 3204 vel,
1281 3135 1375 3190 ubi
1409 3135 1512 3190 viri
1547 3132 1692 3189 docti
1726 3130 2068 3200 collegerint,
2122 3128 2416 3183 indicatum

418 3206 475 3258 in
511 3203 724 3258 Fabric.
759 3204 822 3258 B.
861 3205 924 3258 G.
961 3205 1022 3258 Τ.
1058 3206 1100 3259 I.
1165 3203 1316 3259 cuius
1350 3219 1529 3272 praec.
1565 3201 1671 3257 vid.
1708 3216 1759 3269 p.
1797 3202 1913 3256 379.
1928 3215 2041 3268 sqq.
2079 3212 2199 3251 nov.
2235 3199 2319 3252 ed.
2361 3204 2416 3251 et

414 3272 610 3342 Heynii
645 3273 1068 3342 copiosissimum
1100 3245 1234 3329 hxc.
1271 3272 1314 3327 1.
1350 3272 1422 3326 ad
1455 3271 1603 3340 Virg.
1639 3272 1775 3323 Aen.
1810 3269 1882 3322 II.

415 3426 462 3480 G
533 3359 620 3479 teg)
654 3358 719 3411 In
753 3358 969 3413 ineditis
1002 3359 1156 3413 raso.
1194 3358 1237 3411 1.
1273 3358 1413 3412 nihl.
1449 3357 1616 3425 antiq.
1652 3341 1847 3409 litt.'et
1881 3353 2078 3409 artium
2094 3350 2414 3406 novissimae

465 3441 529 3480 oe
597 3443 686 3494 ng.
