2734 4000
1205 248 1281 260 -
1338 224 1561 276 118—-

1276 506 1520 582 XLII.

541 682 743 741 Redeo
783 681 860 740 ad
899 681 1052 741 viros
1093 680 1314 750 doctoS,
1353 682 1453 753 qui
1494 680 1685 740 adhuc
1722 680 1919 739 vivunt
1957 681 2018 738 in
2058 683 2389 755 superstiti-

387 759 495 818 bus
547 759 926 832 scriptoribus
979 763 1039 817 et
1079 758 1437 818 Scholiastis.
1519 757 1858 830 Quanquam
1895 759 2274 832 plurimorum
2315 776 2387 818 ex

386 837 502 894 illis
548 836 817 909 precaria
865 836 988 894 vita
1037 841 1146 894 est.
1223 837 1357 909 Ipse
1410 835 1643 906 quidem
1689 834 1886 893 Zoilus
1901 879 1915 905 ‚
1984 833 2386 894 famosissimis

387 911 597 972 fabulis
635 912 887 972 ludibrio
926 913 1178 971 omnium
1216 919 1541 985 temporum
1579 910 1859 984 obiectus,
1898 912 2113 985 quibus
2152 914 2388 986 potissi-

387 1007 542 1048 mum
589 989 650 1047 in
686 989 861 1048 rebus
900 990 1194 1065 allajgarit
1228 989 1573 1061 Homerum,
1626 1004 1838 1061 parum
1877 995 2105 1049 constat
2118 987 2214 1059 ⁶²).
2293 991 2389 1049 Ita

388 1066 817 1139 nonnullorum,
866 1067 967 1139 qui
1007 1066 1279 1126 dicuntur
1314 1067 1417 1123 uni
1454 1066 1543 1123 rei
1584 1082 1689 1123 seu
1728 1066 2006 1126 vocabulo
2046 1071 2259 1139 poetae
2299 1073 2389 1126 to-

287 1167 365 1208 193
389 1149 508 1203 tam
548 1144 725 1202 vitam
763 1144 1156 1217 insumpsisse,
1197 1159 1271 1201 ne
1309 1143 1456 1201 haec
1493 1141 1727 1215 quidem
1766 1150 1888 1201 tam
1926 1159 2269 1203 aerumnosa
2306 1144 2392 1202 in-

389 1227 562 1281 venta
598 1221 771 1294 plene
811 1227 1087 1294 excerpta
1122 1221 1371 1292 legimus
1382 1218 1486 1292 ⁶⁸):
1548 1220 1647 1278 alii
1700 1219 1850 1279 adeo
1889 1236 2006 1278 una
2043 1236 2226 1292 prava
2264 1237 2392 1280 cor-

387 1299 672 1369 rectione,
727 1298 828 1355 alii
876 1314 991 1356 una
1038 1297 1522 1370 interpretatione
1536 1341 1552 1369 ‚
1602 1296 1703 1354 alii
1752 1313 1866 1355 uno
1916 1303 2163 1356 accentu
2198 1298 2391 1370 istam,

390 1390 562 1447 quam
601 1374 865 1448 diximuS,
905 1375 1397 1434 immortalitatem
1436 1373 1639 1447 adepti
1677 1372 1913 1445 31111164).

524 1571 597 1637 ⁶²)
632 1571 690 1625 Si
723 1570 858 1624 nihil
890 1570 958 1625 de
994 1571 1144 1625 Zoilo
1179 1577 1490 1638 superesset
1506 1576 1728 1638 praeter
1748 1571 1843 1625 illa
1865 1569 1933 1625 ad
1953 1589 2005 1624 α.
2029 1575 2141 1626 129.
2162 1588 2201 1623 ε.
2230 1576 2282 1624 4.
2304 1575 2391 1625 20.

389 1659 436 1694 κ.
473 1642 591 1696 274.
639 1658 690 1692 c.
725 1642 810 1693 22.
859 1647 914 1692 et
947 1639 1103 1693 Eust.
1159 1639 1232 1692 ad
1266 1637 1453 1706 Odyss.
1507 1653 1560 1706 p.
1602 1642 1778 1708 1614.,
1831 1639 2059 1693 invisam
2106 1640 2157 1692 ei
2201 1641 2394 1707 poesin
2471 1639 2489 1654 ”

390 1723 602 1763 0111116111
648 1707 815 1761 fuisse
851 1707 1058 1762 diceres
1071 1747 1086 1776 ,
1131 1708 1401 1776 planeque
1435 1707 1736 1775 ignoratam
1809 1707 1933 1762 risci
1971 1711 2091 1761 aevi
2126 1707 2391 1762 rationem

390 1774 654 1831 sentiendi
713 1775 1087 1845 loquendique.
1166 1776 1229 1830 In
1279 1792 1387 1843 quo
1433 1781 1616 1828 tamen
1660 1724 1807 1830 nihi?
1837 1776 2125 1831 admodum
2173 1783 2394 1844 praeter

391 1852 600 1900 ceteros
634 1844 908 1912 peccavit:
956 1843 1114 1899 modo
1160 1843 1363 1898 rabiem
1413 1842 1680 1898 addidisse
1726 1842 1942 1897 videtur
1986 1843 2286 1912 profectam
2321 1845 2389 1898 ab

389 1913 688 1969 acerbitate
742 1917 798 1965 et
844 1913 1112 1979 pravitate
1159 1912 1338 1967 animi.
1412 1911 1616 1966 Similia
1662 1910 1769 1966 illis
1802 1927 1966 1979 saepe
2002 1912 2156 1966 multi
2191 1913 2392 1966 nostris

391 1979 722 2049 temporibus
769 1979 1026 2035 adversus
1072 1978 1193 2035 Vet.
1237 1980 1385 2035 Test.
1432 1979 1763 2048 scripserunt
1814 1980 2050 2049 impune.
2136 1979 2389 2035 Ceterum

390 2050 663 2105 Zoilorum
697 2049 939 2117 historia,
976 2049 1140 2103 etiam
1174 2055 1298 2116 post
1320 2048 1668 2117 Hardionem,
1702 2066 1812 2104 non
1847 2050 2036 2117 paucis
2061 2048 2391 2104 difficultati-

390 2118 492 2172 bus
541 2118 802 2186 impedita
846 2125 944 2171 est.
1015 2116 1122 2171 Sed
1168 2117 1550 2171 celeberrimus
1594 2132 1781 2171 eorum
1825 2117 1972 2171 haud
2020 2117 2182 2172 dubie
2217 2120 2388 2174 rhetor

391 2186 512 2255 fuit,
547 2201 707 2255 quem
742 2192 924 2239 tamen
958 2184 1051 2239 ubi
1087 2185 1279 2240 Strabo
1315 2185 1557 2254 appellat
1590 2184 1685 2241 Vl.
1721 2201 1775 2253 p.
1810 2190 1928 2242 271.
1964 2187 2127 2253 (417.)
2163 2187 2220 2239 in
2254 2202 2394 2239 mar·

392 2259 572 2338 ginem
617 2254 912 2322 releganda
956 2261 1089 2323 puto
1135 2253 1325 2323 verba,
1373 2255 1404 2306 ὁ
1448 2255 1542 2307 τὸν
1579 2251 1812 2324 Ὅμηρον
1861 2256 2046 2324 ψέγων
2096 2254 2171 2313 ὡς
2216 2256 2391 2318 μυθο-

390 2340 627 2393 γράφον.

538 2410 611 2477 ⁴33)
657 2408 733 2463 Ut
776 2408 1047 2477 Neotelis,
1104 2408 1276 2477 ignoti
1336 2409 1613 2476 scriptoris
1659 2408 1784 2461 ὅλον
1836 2408 1959 2474 βίον
2009 2409 2206 2474 (111111113
2249 2406 2389 2462 116116

391 2476 581 2530 Valck.
629 2477 757 2547 ὅλην
791 2477 1016 2547 βίβλον)
1061 2478 1384 2546 γράψαντος
1436 2478 1567 2546 περὶ
1601 2481 1702 2545 τῆς
1734 2478 1874 2529 κατὰ
1907 2478 2037 2536 τοὺς
2068 2477 2259 2548 ἥρωας
2290 2494 2390 2529 το-

392 2545 560 2607 ξείας,
597 2546 809 2614 compil.
846 2545 916 2602 ad
951 2549 1006 2599 θ.
1044 2550 1160 2601 323.
1197 2550 1312 2601 325.
1353 2551 1411 2599 61
1443 2545 1703 2600 Dorothei
1729 2546 2092 2612 Ascalonitae,
2127 2546 2259 2614 περὶ
2296 2548 2397 2599 τοῦ

391 2613 595 2666 κλισίοο
641 2614 716 2680 (111
763 2614 880 2667 1000
926 2612 1114 2683 Odyss.
1164 2635 1224 2667 ω.
1260 2617 1404 2680 207.)
1453 2614 1524 2667 ad
1572 2633 1604 2667 ι.
1642 2618 1725 2669 90.
1797 2613 1903 2680 Qui
1938 2615 2208 2682 posterior
2242 2619 2393 2668 certe

392 2698 500 2736 non
536 2688 661 2735 ante
697 2682 1062 2737 Aristonicum
1108 2689 1165 2737 et
1199 2683 1543 2751 Tryphonem
1566 2723 1580 2749 ,
1629 2683 1725 2737 sed
1759 2681 1852 2736 diu
1888 2689 2015 2737 ante
2050 2682 2395 2737 Athenaeum

391 2749 530 2803 vixit
547 2790 562 2819 ,
615 2749 703 2804 cui
747 2750 998 2805 laudatur
1040 2758 1156 2805 tum
1200 2751 1330 2805 alibi
1382 2758 1497 2805 tum
1548 2750 1670 2805 VII.
1701 2768 1759 2831 p.
1796 2755 1914 2806 329.
1947 2750 2015 2804 E.
2052 2766 2121 2805 ex
2156 2750 2400 2819 grandis·

393 2819 528 2872 simo
564 2835 596 2873 o
638 2834 754 2886 ere,
808 2820 1025 2887 eodem,
1071 2827 1132 2873 ut
1175 2826 1326 2887 puto,
1361 2821 1514 2873 cuius
1549 2827 1749 2874 mentio
1795 2818 1859 2872 fit
1910 2820 1981 2873 ad
2033 2838 2079 2872 κ.
2116 2823 2233 2874 252.
2305 2819 2396 2872 Ita

395 2886 561 2941 etiam
660 2887 862 2951 eoteles
903 2888 1100 2942 iterum
1146 2887 1382 2942 occurrit
1431 2909 1494 2942 ω.
1531 2892 1643 2942 118.
1714 2887 1881 2942 Aliud
1932 2894 2015 2942 est
2050 2888 2244 2956 igitur,
2289 2902 2394 2955 per

393 2961 564 3009 totam
599 2956 763 3017 vitam
789 2955 1029 3025 cogitare
1066 2957 1133 3013 de
1169 2956 1350 3024 aliqua
1372 2971 1449 3024 re,
1484 2956 1647 3025 aliud,
1681 2956 1814 3010 nihil
1832 2964 2052 3025 praeter
2072 2956 2214 3011 hanc
2237 2971 2403 3010 unam

393 3037 508 3078 rem
542 3030 795 3078 tractare.
2257 3027 2272 3042 '

531 3110 606 3169 ⁶4)
639 3108 908 3177 Exemplo
954 3109 1062 3163 sint
1106 3110 1189 3177 hi,
1243 3126 1409 3178 quoS‚
1465 3112 1708 3179 quamvis
1753 3112 2030 3180 aliquanto
2068 3109 2401 3180 posteriores

393 3176 670 3232 Zenodoto
706 3178 1010 3246 plerosque,
1047 3185 1198 3233 tanto
1236 3178 1508 3233 lubentius
1543 3179 1631 3233 hic
1666 3179 1919 3249 anticipo,
1965 3180 2095 3248 quia
2128 3179 2207 3233 ita
2240 3176 2401 3231 nobis

397 3260 529 3299 area
550 3254 930 3315 perpurgatur,
965 3253 1049 3302 tot
1066 3247 1306 3301 obscuris
1321 3246 1627 3301 hominibus
1644 3247 1884 3302 differta:
1918 3247 2178 3316 Leptines
2202 3249 2260 3313 ψ.
2279 3247 2403 3301 731.

399 3315 459 3365 ἐν
496 3321 709 3368 mutans
745 3315 802 3367 in
836 3314 893 3365 ἔν
913 3355 928 3383 ,
983 3315 1127 3383 quod
1151 3317 1381 3382 putabat
1417 3330 1534 3370 esse
1570 3318 1795 3386 ἕτερον;
1841 3316 2076 3382 Attalus,
2123 3315 2307 3369 forsan
2351 3314 2403 3367 is

398 3381 491 3448 qui
536 3382 592 3434 in
636 3384 842 3437 Aratea
889 3391 1280 3438 commentatus
1326 3389 1436 3451 est,
1490 3384 1579 3438 cui
1624 3404 1669 3437 ο.
1705 3389 1825 3438 444.
1871 3386 2083 3438 ἰοδόκον
2141 3383 2406 3438 debemus

397 3448 797 3519 παροξυτόνως,
831 3451 951 3505 aliis
987 3451 1486 3521 προπαροξυτόνως
1519 3453 1899 3507 scribentibus:
1946 3454 2024 3507 ita
2054 3451 2408 3522 Euphranori
