2734 4000
1220 153 1577 204 ...22-

402 301 721 374 exemplum
739 299 1017 360 habemus
1044 300 1351 373 integrum,
1395 299 1500 358 sed
1525 299 1802 373 proximis
1830 317 1882 358 a.
1915 299 2046 359 Chr.
2065 307 2212 360 nato
2241 306 2399 360 aeta-

399 378 554 436 tibus
606 377 795 438 denuo
843 378 1205 450 recognitum
1254 382 1316 434 et
1354 377 1432 435 ad
1471 376 1760 436 variorum
1802 376 2143 436 Criticorum
2184 378 2400 436 iudicia

326 466 377 507 τι
401 452 681 525 refictum‚
722 459 1015 526 postremo
1054 454 1215 513 novis
1240 453 1480 512 maculis
1508 470 1616 527 per
1641 454 1970 526 ingruentia
1994 454 2248 513 barbara
2274 471 2400 513 sae-

405 531 535 590 cula
573 530 941 604 adspersum:
992 547 1181 590 nonne
1220 546 1292 589 ex
1329 530 1421 587 his
1460 529 1634 588 rebus
1662 531 2047 602 colligendum
2074 536 2218 602 est,-
2246 531 2402 602 quod

403 608 519 665 iam
559 608 694 666 olim
735 605 1088 667 confidenter
1127 606 1333 678 dixi⁶)‚
1386 607 1565 665 multo
1616 608 1787 666 aliam
1827 607 2091 666 Lucretii
2141 609 2234 666 vel
2273 609 2401 666 Vir-

406 683 530 757 gilii
569 690 743 755 atque
769 684 1007 743 Homeri
1048 700 1176 743 esse
1216 684 1652 756 integritatem?
1692 684 1784 742 De
1811 684 2039 743 diversa
2065 691 2259 744 autem
2285 686 2402 758 pri-

404 777 630 819 scarum
668 761 894 818 illarum
923 767 985 819 et
1006 759 1527 845 Alexandrinarum
1555 759 1870 819 editionum
1899 761 2226 820 conditione
2252 778 2403 819 nunc

407 837 469 895 id
506 854 680 896 unum
719 843 960 909 tangere
988 835 1218 905 sufficit,
1236 837 1413 908 -quod
1439 837 1595 910 apud
1620 836 2053 911 Hippocratem,
2080 838 2400 909 Platonem,

405 913 781 973 Aristotelem
824 920 887 972 et
924 916 1068 974 alios
1108 915 1278 973 istius
1317 915 1531 977 aetatis
1571 914 1885 987 scriptores
1923 932 2038 974 non
2077 916 2260 974 solum
2288 916 2402 973 sin-

408 991 671 1064 gulorum
710 991 1014 1049 verborum
1052 991 1386 1062 varietates,
1426 990 1530 1050 sed
1570 991 1746 1051 etiam
1770 992 1967 1065 plures
1994 992 2250 1064 insignes
2277 1008 2403 1049 ver-

408 1083 506 1126 sus
543 1066 808 1139 legimus,
850 1083 1091 1138 quorum
1129 1083 1237 1126 nec
1275 1068 1335 1125 in
1375 1073 1541 1126 textu
1579 1073 1796 1139 nostr0,
1845 1084 1954 1126 nec
1992 1069 2052 1127 in
2090 1068 2401 1127 Eustathio

406 1144 841 1216 veteri-imisque
864 1150 923 1203 et
942 1145 1287 1204 doctissimis
1310 1143 1555 1203 Scholiis
1574 1144 1756 1202 ullum
1773 1145 2048 1203 indicium
2066 1144 2404 1247 superest‘1).

543 1302 590 1368 6)
624 1300 712 1354 Ad
747 1296 976 1354 Hesiodi
1010 1297 1214 1365 Theog.
1251 1311 1305 1364 p.
1341 1296 1426 1349 57.

545 1387 591 1453 ⁷)
625 1384 691 1439 In
724 1383 861 1439 libro
898 1384 1027 1452 περὶ
1064 1378 1313 1451 ἄρθρων,
1349 1380 1443 1448 qui
1476 1380 1579 1434 nisi
1601 1380 1965 1449 Hippocratis,
2002 1374 2403 1450 Hippocrateae

376 1459 554 1509 certe
606 1459 702 1506 aut
756 1451 1034 1520 proximae
1070 1449 1265 1504 aetatis
1302 1457 1413 1517 est,
1468 1448 1755 1518 attingitur
1787 1449 1849 1502 Τ.
1888 1452 1927 1502 1.
1964 1465 2016 1517 p.
2053 1452 2173 1505 785.
2245 1449 2403 1503 Foes.

407 1522 617 1590 longior
650 1522 810 1591 ῥῆσις
842 1518 1065 1574 Homeri
1099 1518 1165 1572 de
1200 1516 1406 1585 bubuS,
1454 1532 1561 1571 uno
1587 1516 1785 1636 gposito
1834 1519 1937 1572 hoc
1972 1533 2158 1571 versu:
2219 1515 2318 1577 *Ως
2354 1517 2402 1569 δ’

409 1589 553 1644 ὁπότ’
612 1588 881 1641 ἀσπάσιον
943 1587 1008 1640 ἔα
1139 1585 1275 1639 Avus
1333 1584 1526 1651 βουσὶν
1616 1583 1770 1644 dcem.
1844 1585 2007 1640 Cuius
2054 1585 2188 1640 nihil
2233 1586 2406 1639 Simile

408 1657 569 1713 hodie
615 1672 839 1725 usquam
885 1672 994 1724 apu
1075 1655 1114 1707 il
1134 1671 1225 1708 um
1259 1654 1503 1722 legimus.
1573 1652 1768 1708 Notior
1802 1669 1890 1708 res
1925 1660 2009 1708 est
2043 1654 2110 1708 de
2146 1654 2405 1720 versibuS,

446 1742 546 1781 uos
589 1725 745 1779 Plato
793 1732 849 1778 et
892 1723 1211 1778 Aristoteles
1257 1738 1325 1776 ex
1361 1723 1597 1776 Homero
1635 1737 1732 1776 suo
1768 1721 2019 1791 laudant,
2066 1738 2174 1777 non
2208 1726 2407 1776 nostro.

509 1793 576 1847 iis
611 1793 747 1847 adeo
783 1798 924 1859 sunt,
961 1790 1156 1860 quibus
1178 1805 1334 1845 nemo
1357 1805 1501 1845 nunc
1525 1796 1711 1859 aptum
1736 1789 1912 1844 locum
1937 1790 2183 1845 coniectu
2265 1805 2408 1844 asse-

412 1867 624 1932 quatur.
693 1861 770 1915 At
816 1860 922 1913 illis
957 1865 1222 1928 quatuor,
1269 1874 1303 1912 a
1337 1859 1563 1912 Platone
1599 1857 1775 1912 Alcib.
1811 1858 1883 1913 11.
1921 1859 2116 1925 allatiS,
2152 1858 2208 1911 in
2243 1859 2313 1912 11.
2395 1901 2407 1912 .

413 1936 548 1985 extr.
587 1944 738 1984 suam
773 1928 954 1982 sedem
990 1928 1277 1993 inventam,
1319 1941 1495 1995 neque
1532 1942 1602 1981 ex
1635 1927 1798 1981 variis
1835 1926 1964 1982 locis
2000 1927 2253 1983 collectos
2273 1942 2408 1990 esse,

411 2016 511 2068 pro
548 2000 830 2067 explorato
864 1996 1056 2051 habeo.
1092 1994 1270 2064 Quare
1307 2011 1401 2050 eos
1435 1995 1510 2051 ibi
1529 1994 1747 2059 inserui,
1783 2012 1892 2051 non
1907 2003 2089 2051 tamen
2107 1995 2222 2051 sine
2241 1995 2408 2063 uncie,

414 2066 541 2137 quia
574 2065 838 2135 probabili
861 2064 928 2119 de
953 2080 1119 2119 causa
1150 2064 1219 2119 ab
1242 2063 1622 2118 Alexandrinis
1646 2063 1858 2119 Criticis
1891 2080 2001 2119 una
2035 2081 2157 2119 cum
2189 2064 2410 2133 vulgato

412 2153 462 2190 v.
496 2139 614 2190 548.
651 2134 880 2189 reiectos
914 2132 1213 2190 censebam.
1282 2132 1504 2187 Illorum
1550 2138 1732 2186 autem
1767 2141 1823 2187 et
1857 2133 2106 2187 similium
2141 2147 2409 2198 versuum,

414 2204 508 2274 qui
542 2217 577 2257 a
609 2202 960 2282 scriptoribus
996 2201 1216 2256 Graecis
1240 2200 1441 2269 passim
1462 2202 1699 2256 Homero
1725 2202 2049 2270 tribuuntur,
2085 2202 2291 2255 nullum
2315 2216 2409 2268 ap-

413 2276 571 2341 paret
605 2269 889 2340 vestigium
924 2269 981 2322 in
1005 2268 1230 2325 Scholiis
1264 2268 1476 2324 nostris.
1523 2270 1599 2322 At
1632 2268 1768 2324 haec
1804 2270 2016 2325 omnino
2052 2270 2212 2323 huius
2286 2284 2407 2322 ene-

413 2340 489 2393 ris
534 2354 705 2408 prope
750 2337 956 2392 nullum
1002 2336 1287 2405 proferunt
1333 2336 1551 2391 aliunde
1594 2337 1953 2406 incognitum3
2022 2338 2191 2393 multo
2225 2354 2262 2406 p
2286 2352 2411 2391 ures

413 2407 734 2461 Eustathius
767 2406 949 2469 habet,
998 2411 1054 2459 et
1088 2422 1312 2474 quorum
1350 2420 1536 2459 rursus
1573 2405 1860 2483 scriptores
1893 2422 2003 2461 non
2037 2406 2409 2459 meminerunt.

413 2475 535 2530 Hoc
569 2480 827 2544 reputans
881 2473 1220 2554 quantumvis
1241 2473 1392 2528 rudis
1418 2473 1474 2527 in
1496 2473 1724 2528 historia
1742 2479 1940 2543 textus,
1976 2474 2068 2527 vix
2093 2475 2410 2543 suspicetur,

415 2544 724 2597 memoriam
761 2515 995 2597 fefehsse
1033 2557 1125 2596 eos
1161 2558 1347 2597 omnes
1459 2542 1516 2595 ui
1550 2541 1687 2596 tales
1720 2558 1908 2597 versus
1940 2543 2164 2597 Homeri
2198 2540 2411 2598 nomine

415 2610 714 2677 laudarent,
749 2617 844 2664 aut
877 2610 1016 2664 male
1052 2625 1086 2663 a
1120 2609 1275 2664 nobis
1309 2581 1380 2663 ad
1414 2611 1441 2664 1
1467 2610 1478 2621 '
1518 2609 1588 2664 da
1621 2617 1677 2663 et
1701 2609 1994 2679 Odysseam
2028 2610 2236 2677 referri,
2273 2625 2413 2678 quae

416 2679 599 2734 forsan
632 2678 758 2733 olim
793 2679 849 2732 in
883 2678 1003 2732 aliis
1037 2677 1164 2732 huic
1236 2684 1395 2733 cetae
1430 2677 1646 2733 tributis
1681 2680 1934 2746 operibus
1968 2680 2290 2748 legerentur.
2326 2679 2415 2733 Ita

415 2745 704 2804 Barnesius
737 2746 1130 2802 hemistichium
1163 2745 1297 2800 ilud
1332 2762 1419 2813 ap.
1455 2746 1775 2800 Aeschinem
1809 2748 1867 2801 in
1902 2747 2169 2802 Timarch.
2205 2763 2258 2815 p.
2299 2750 2414 2800 141.

415 2814 598 2870 Reisk.
669 2810 822 2885 Φήμη
870 2816 917 2867 δ’
967 2817 1026 2874 ἐς
1070 2815 1312 2884 στρατὸν
1358 2813 1527 2885 ἦλθε,
1576 2820 1777 2868 temere
1813 2832 1885 2869 an
1921 2815 2237 2883 divinandO,
2275 2814 2414 2868 The-

415 2882 564 2938 baidi
598 2882 896 2952 adscribit,
928 2883 1029 2937 etsi
1073 2882 1129 2936 id
1174 2881 1374 2936 diserte
1421 2881 1651 2937 traditur
1695 2883 1751 2936 in
1801 2886 2010 2936 Homeri
2058 2885 2230 2937 Iliade
2280 2895 2414 2951 esse,

415 2958 579 3020 atque
625 2949 761 3006 adeo
806 2970 957 3018 saepe
1005 2953 1167 3018 repeti
1200 2953 1259 3002 in
1295 2951 1484 3003 Iliade.
1553 2949 1674 3019 Ego
1710 2951 1998 3019 aliquando
2034 2951 2258 3006 Iliadem
2294 2967 2415 3020 par—

412 3035 535 3074 vam
571 3018 861 3089 significari
894 3018 1168 3089 putabam.
1204 3018 1414 3086 Nempe
1452 3018 1508 3072 in
1540 3025 1734 3073 neutro
1770 3020 2017 3074 Carmine
2053 3027 2237 3076 nostro
2273 3035 2415 3075 nunc

413 3089 537 3143 talis
570 3103 758 3142 versus
792 3103 1017 3157 usquam
1063 3094 1159 3142 aut
1205 3087 1473 3141 sententia
1522 3092 1619 3140 est.
1690 3086 1806 3142 Nec
1841 3103 1969 3142 vero
2005 3088 2297 3158 quidquam
2332 3096 2416 3141 est

414 3157 470 3211 in
503 3156 682 3211 verbis
717 3155 975 3223 OratoriS,
1011 3154 1158 3223 quod
1192 3156 1371 3214 labem
1406 3154 1663 3218 redoleat.
1698 3155 1840 3210 Nam
1873 3156 2135 3211 tentanda
2158 3167 2283 3211 sunt
2306 3172 2415 3211 om-

414 3225 521 3293 nia,
555 3240 624 3279 ne
658 3230 755 3279 aut
789 3224 1114 3278 Aeschinem
1161 3231 1273 3279 tam
1309 3219 1624 3278 obliviosum
1659 3224 1747 3278 vel
1781 3225 2083 3280 litterarum
2120 3230 2415 3293 expertem,

415 3299 512 3347 aut
544 3299 750 3347 tantam
783 3292 1134 3347 mutationem
1169 3293 1457 3347 multorum
1492 3291 1730 3347 locorum
1754 3294 1810 3346 in
1827 3294 2064 3349 Homero
2088 3294 2285 3347 factam
2303 3308 2415 3346 cre-

423 3360 624 3416 damus.
662 3359 767 3416 Sed
803 3359 949 3428 quod
982 3360 1306 3416 hemistichii
1336 3360 1480 3415 illius
1514 3376 1670 3432 nemo
1689 3369 1934 3438 veterum
1957 3363 2136 3431 Intpp.
2161 3361 2416 3427 meminit,
